<?xml version="1.0" encoding="UTF-8"?>
<!DOCTYPE html PUBLIC "-//W3C//DTD XHTML 1.0 Transitional//EN"
    "http://www.w3.org/TR/xhtml1/DTD/xhtml1-transitional.dtd">
<html xmlns="http://www.w3.org/1999/xhtml" xml:lang="en" lang="en">
 <head>
  <title>
</title>
<meta http-equiv="Content-Type" content="text/html;charset=utf-8" />
  <meta name='ocr-system' content='tesseract 3.04.00' />
  <meta name='ocr-capabilities' content='ocr_page ocr_carea ocr_par ocr_line ocrx_word'/>
</head>
<body>
  <div class='ocr_page' id='page_1' title='image "./denaturainfinit00lewigoog_0019.png"; bbox 0 0 3208 5144; ppageno 0'>
   <div class='ocr_carea' id='block_1_1' title="bbox 285 712 1243 816">
    <p class='ocr_par' dir='ltr' id='par_1_1' title="bbox 285 712 1243 816">
     <span class='ocr_line' id='line_1_1' title="bbox 285 712 1243 816; baseline 0 -24"><span class='ocrx_word' id='word_1_1' title='bbox 285 714 333 792; x_wconf 85' lang='lat' dir='ltr'>llo</span> <span class='ocrx_word' id='word_1_2' title='bbox 362 712 548 794; x_wconf 82' lang='lat' dir='ltr'>infinitivo</span> <span class='ocrx_word' id='word_1_3' title='bbox 576 713 772 793; x_wconf 85' lang='lat' dir='ltr'>Horatiano</span> <span class='ocrx_word' id='word_1_4' title='bbox 798 714 892 793; x_wconf 90' lang='lat' dir='ltr'>nodo</span> <span class='ocrx_word' id='word_1_5' title='bbox 919 714 1043 816; x_wconf 81' lang='lat' dir='ltr'>egitur</span> <span class='ocrx_word' id='word_1_6' title='bbox 1071 715 1243 795; x_wconf 76' lang='lat' dir='ltr'><strong>ostiatim.</strong></span> 
     </span>
    </p>
   </div>
   <div class='ocr_carea' id='block_1_2' title="bbox 30 920 1440 1352">
    <p class='ocr_par' dir='ltr' id='par_1_2' title="bbox 30 920 1440 1352">
     <span class='ocr_line' id='line_1_2' title="bbox 195 920 1440 1003; baseline 0.001 -18"><span class='ocrx_word' id='word_1_7' title='bbox 195 922 258 987; x_wconf 80' lang='lat' dir='ltr'>Sed</span> <span class='ocrx_word' id='word_1_8' title='bbox 279 923 345 986; x_wconf 85' lang='lat' dir='ltr'>iam</span> <span class='ocrx_word' id='word_1_9' title='bbox 370 920 598 998; x_wconf 78' lang='lat' dir='ltr'>adgrediamur</span> <span class='ocrx_word' id='word_1_10' title='bbox 621 938 704 1001; x_wconf 81' lang='lat' dir='ltr'>quae</span> <span class='ocrx_word' id='word_1_11' title='bbox 728 921 865 1002; x_wconf 83' lang='lat' dir='ltr'><strong>professi</strong></span> <span class='ocrx_word' id='word_1_12' title='bbox 888 938 1000 985; x_wconf 89' lang='lat' dir='ltr'>sumus</span> <span class='ocrx_word' id='word_1_13' title='bbox 1016 941 1119 1003; x_wconf 89' lang='lat' dir='ltr'>eaque</span> <span class='ocrx_word' id='word_1_14' title='bbox 1134 923 1306 1000; x_wconf 88' lang='lat' dir='ltr'>vocabula,</span> <span class='ocrx_word' id='word_1_15' title='bbox 1321 923 1440 1003; x_wconf 90' lang='lat' dir='ltr'>quibus</span> 
     </span>
     <span class='ocr_line' id='line_1_3' title="bbox 30 1006 1438 1092; baseline 0.001 -19"><span class='ocrx_word' id='word_1_16' title='bbox 30 1016 35 1030; x_wconf 93' lang='grc'><strong>’</strong></span> <span class='ocrx_word' id='word_1_17' title='bbox 90 1010 242 1073; x_wconf 80' lang='lat' dir='ltr'>Horatius</span> <span class='ocrx_word' id='word_1_18' title='bbox 266 1007 391 1071; x_wconf 92' lang='lat' dir='ltr'>nudum</span> <span class='ocrx_word' id='word_1_19' title='bbox 414 1006 613 1070; x_wconf 78' lang='lat' dir='ltr'>infinitivum</span> <span class='ocrx_word' id='word_1_20' title='bbox 636 1009 835 1086; x_wconf 90' lang='lat' dir='ltr'>subiungere</span> <span class='ocrx_word' id='word_1_21' title='bbox 867 1010 954 1073; x_wconf 88' lang='lat' dir='ltr'>solet</span> <span class='ocrx_word' id='word_1_22' title='bbox 991 1017 1067 1075; x_wconf 88' lang='lat' dir='ltr'>ante</span> <span class='ocrx_word' id='word_1_23' title='bbox 1103 1011 1218 1074; x_wconf 91' lang='lat' dir='ltr'>oculos</span> <span class='ocrx_word' id='word_1_24' title='bbox 1253 1028 1438 1092; x_wconf 87' lang='lat' dir='ltr'>ponamus;</span> 
     </span>
     <span class='ocr_line' id='line_1_4' title="bbox 89 1093 1438 1178; baseline 0.001 -18"><span class='ocrx_word' id='word_1_25' title='bbox 89 1115 155 1176; x_wconf 89' lang='lat' dir='ltr'>qua</span> <span class='ocrx_word' id='word_1_26' title='bbox 178 1096 212 1159; x_wconf 92' lang='lat' dir='ltr'>in</span> <span class='ocrx_word' id='word_1_27' title='bbox 234 1115 270 1161; x_wconf 91' lang='lat' dir='ltr'>re</span> <span class='ocrx_word' id='word_1_28' title='bbox 295 1095 444 1176; x_wconf 88' lang='lat' dir='ltr'>prolecto</span> <span class='ocrx_word' id='word_1_29' title='bbox 469 1093 662 1176; x_wconf 80' lang='lat' dir='ltr'>perdifficile</span> <span class='ocrx_word' id='word_1_30' title='bbox 687 1095 750 1158; x_wconf 88' lang='lat' dir='ltr'>erit</span> <span class='ocrx_word' id='word_1_31' title='bbox 772 1095 819 1159; x_wconf 92' lang='lat' dir='ltr'>nil</span> <span class='ocrx_word' id='word_1_32' title='bbox 843 1097 1108 1178; x_wconf 80' lang='lat' dir='ltr'>praetermittere</span> <span class='ocrx_word' id='word_1_33' title='bbox 1133 1102 1281 1160; x_wconf 90' lang='lat' dir='ltr'>-tanta</span> <span class='ocrx_word' id='word_1_34' title='bbox 1305 1103 1354 1162; x_wconf 91' lang='lat' dir='ltr'>est</span> <span class='ocrx_word' id='word_1_35' title='bbox 1382 1116 1438 1161; x_wconf 89' lang='lat' dir='ltr'>eo·</span> 
     </span>
     <span class='ocr_line' id='line_1_5' title="bbox 89 1181 1437 1263; baseline 0.004 -17"><span class='ocrx_word' id='word_1_36' title='bbox 89 1203 163 1246; x_wconf 93' lang='lat' dir='ltr'>rum</span> <span class='ocrx_word' id='word_1_37' title='bbox 186 1184 291 1247; x_wconf 89' lang='lat' dir='ltr'>moles</span> <span class='ocrx_word' id='word_1_38' title='bbox 315 1217 366 1260; x_wconf 89' lang='lat'>-,</span> <span class='ocrx_word' id='word_1_39' title='bbox 381 1181 439 1246; x_wconf 90' lang='lat' dir='ltr'>sed</span> <span class='ocrx_word' id='word_1_40' title='bbox 463 1183 694 1246; x_wconf 88' lang='lat' dir='ltr'>aberrantibus</span> <span class='ocrx_word' id='word_1_41' title='bbox 719 1183 760 1245; x_wconf 88' lang='lat' dir='ltr'>ab</span> <span class='ocrx_word' id='word_1_42' title='bbox 785 1182 895 1263; x_wconf 90' lang='lat' dir='ltr'>aliquo</span> <span class='ocrx_word' id='word_1_43' title='bbox 918 1185 1082 1248; x_wconf 84' lang='lat' dir='ltr'>vocabulo</span> <span class='ocrx_word' id='word_1_44' title='bbox 1099 1184 1163 1248; x_wconf 88' lang='lat' dir='ltr'>erit</span> <span class='ocrx_word' id='word_1_45' title='bbox 1179 1183 1437 1253; x_wconf 71' lang='lat' dir='ltr'>concedendum,</span> 
     </span>
     <span class='ocr_line' id='line_1_6' title="bbox 90 1268 1123 1352; baseline 0 -18"><span class='ocrx_word' id='word_1_46' title='bbox 90 1272 120 1334; x_wconf 89' lang='lat' dir='ltr'>si</span> <span class='ocrx_word' id='word_1_47' title='bbox 143 1271 303 1352; x_wconf 83' lang='lat' dir='ltr'>pleraque</span> <span class='ocrx_word' id='word_1_48' title='bbox 327 1288 406 1332; x_wconf 91' lang='lat' dir='ltr'>cum</span> <span class='ocrx_word' id='word_1_49' title='bbox 426 1268 588 1332; x_wconf 89' lang='lat' dir='ltr'>industria</span> <span class='ocrx_word' id='word_1_50' title='bbox 612 1269 848 1349; x_wconf 85' lang='lat' dir='ltr'>diligentiaque</span> <span class='ocrx_word' id='word_1_51' title='bbox 872 1288 1123 1352; x_wconf 89' lang='lat' dir='ltr'>persequemur.</span> 
     </span>
    </p>
   </div>
   <div class='ocr_carea' id='block_1_3' title="bbox 87 1372 1442 4157">
    <p class='ocr_par' dir='ltr' id='par_1_3' title="bbox 87 1372 1442 4157">
     <span class='ocr_line' id='line_1_7' title="bbox 193 1372 1441 1457; baseline 0.001 -21"><span class='ocrx_word' id='word_1_52' title='bbox 193 1375 259 1437; x_wconf 87' lang='lat' dir='ltr'>lam</span> <span class='ocrx_word' id='word_1_53' title='bbox 282 1375 346 1437; x_wconf 91' lang='lat' dir='ltr'>hoc</span> <span class='ocrx_word' id='word_1_54' title='bbox 369 1373 454 1437; x_wconf 90' lang='lat' dir='ltr'>inter</span> <span class='ocrx_word' id='word_1_55' title='bbox 478 1392 604 1452; x_wconf 67' lang='lat' dir='ltr'>omnes</span> <span class='ocrx_word' id='word_1_56' title='bbox 629 1373 684 1453; x_wconf 93' lang='lat' dir='ltr'>qui</span> <span class='ocrx_word' id='word_1_57' title='bbox 707 1372 823 1436; x_wconf 89' lang='lat' dir='ltr'>Horati</span> <span class='ocrx_word' id='word_1_58' title='bbox 847 1375 996 1438; x_wconf 89' lang='lat' dir='ltr'>carmina</span> <span class='ocrx_word' id='word_1_59' title='bbox 1018 1376 1070 1438; x_wconf 84' lang='lat' dir='ltr'>vel</span> <span class='ocrx_word' id='word_1_60' title='bbox 1104 1375 1220 1457; x_wconf 90' lang='lat' dir='ltr'>primis</span> <span class='ocrx_word' id='word_1_61' title='bbox 1248 1374 1441 1453; x_wconf 90' lang='lat' dir='ltr'>-adtigerunt</span> 
     </span>
     <span class='ocr_line' id='line_1_8' title="bbox 92 1460 1437 1542; baseline 0 -17"><span class='ocrx_word' id='word_1_62' title='bbox 92 1463 205 1541; x_wconf 77' lang='lat' dir='ltr'>labriS,</span> <span class='ocrx_word' id='word_1_63' title='bbox 229 1460 309 1524; x_wconf 90' lang='lat' dir='ltr'>satis</span> <span class='ocrx_word' id='word_1_64' title='bbox 334 1465 473 1536; x_wconf 91' lang='lat' dir='ltr'>constat,</span> <span class='ocrx_word' id='word_1_65' title='bbox 498 1461 586 1523; x_wconf 90' lang='lat' dir='ltr'>hunc</span> <span class='ocrx_word' id='word_1_66' title='bbox 610 1462 741 1540; x_wconf 79' lang='lat' dir='ltr'>poetam</span> <span class='ocrx_word' id='word_1_67' title='bbox 765 1461 799 1523; x_wconf 93' lang='lat' dir='ltr'>in</span> <span class='ocrx_word' id='word_1_68' title='bbox 821 1461 933 1525; x_wconf 84' lang='lat' dir='ltr'>verbis</span> <span class='ocrx_word' id='word_1_69' title='bbox 957 1461 1185 1542; x_wconf 82' lang='lat' dir='ltr'>auxiliaribus,</span> <span class='ocrx_word' id='word_1_70' title='bbox 1210 1480 1295 1542; x_wconf 91' lang='lat' dir='ltr'>quae</span> <span class='ocrx_word' id='word_1_71' title='bbox 1320 1465 1437 1525; x_wconf 90' lang='lat' dir='ltr'>inser-</span> 
     </span>
     <span class='ocr_line' id='line_1_9' title="bbox 90 1547 1436 1631; baseline 0 -19"><span class='ocrx_word' id='word_1_72' title='bbox 90 1568 189 1613; x_wconf 91' lang='lat' dir='ltr'>mone</span> <span class='ocrx_word' id='word_1_73' title='bbox 213 1548 378 1611; x_wconf 90' lang='lat' dir='ltr'>cotidiano</span> <span class='ocrx_word' id='word_1_74' title='bbox 403 1547 512 1628; x_wconf 87' lang='lat' dir='ltr'>posita</span> <span class='ocrx_word' id='word_1_75' title='bbox 536 1553 657 1612; x_wconf 88' lang='lat' dir='ltr'>essent.</span> <span class='ocrx_word' id='word_1_76' title='bbox 685 1547 731 1610; x_wconf 88' lang='lat' dir='ltr'>ita</span> <span class='ocrx_word' id='word_1_77' title='bbox 754 1547 974 1628; x_wconf 86' lang='lat' dir='ltr'>adquievisse,</span> <span class='ocrx_word' id='word_1_78' title='bbox 998 1554 1034 1612; x_wconf 88' lang='lat' dir='ltr'>ut</span> <span class='ocrx_word' id='word_1_79' title='bbox 1058 1549 1158 1612; x_wconf 89' lang='lat' dir='ltr'>etiam</span> <span class='ocrx_word' id='word_1_80' title='bbox 1182 1548 1248 1612; x_wconf 89' lang='lat' dir='ltr'>alia</span> <span class='ocrx_word' id='word_1_81' title='bbox 1272 1549 1436 1631; x_wconf 89' lang='lat' dir='ltr'>permulta</span> 
     </span>
     <span class='ocr_line' id='line_1_10' title="bbox 89 1633 1439 1716; baseline -0.001 -16"><span class='ocrx_word' id='word_1_82' title='bbox 89 1636 132 1700; x_wconf 90' lang='lat' dir='ltr'>ad</span> <span class='ocrx_word' id='word_1_83' title='bbox 156 1654 272 1700; x_wconf 91' lang='lat' dir='ltr'>eorum</span> <span class='ocrx_word' id='word_1_84' title='bbox 295 1653 392 1698; x_wconf 89' lang='lat' dir='ltr'>usum</span> <span class='ocrx_word' id='word_1_85' title='bbox 415 1633 597 1697; x_wconf 86' lang='lat' dir='ltr'>transferre</span> <span class='ocrx_word' id='word_1_86' title='bbox 622 1640 808 1709; x_wconf 78' lang='lat' dir='ltr'>conaretur,</span> <span class='ocrx_word' id='word_1_87' title='bbox 834 1653 919 1714; x_wconf 88' lang='lat' dir='ltr'>quae</span> <span class='ocrx_word' id='word_1_88' title='bbox 942 1637 1121 1700; x_wconf 80' lang='lat' dir='ltr'>verborum</span> <span class='ocrx_word' id='word_1_89' title='bbox 1137 1636 1348 1700; x_wconf 79' lang='lat' dir='ltr'>auxiliarium</span> <span class='ocrx_word' id='word_1_90' title='bbox 1365 1635 1439 1716; x_wconf 87' lang='lat' dir='ltr'>ipsa</span> 
     </span>
     <span class='ocr_line' id='line_1_11' title="bbox 94 1721 1438 1803; baseline -0.001 -17"><span class='ocrx_word' id='word_1_91' title='bbox 94 1729 213 1790; x_wconf 86' lang='lat' dir='ltr'>natura</span> <span class='ocrx_word' id='word_1_92' title='bbox 236 1723 434 1803; x_wconf 89' lang='lat' dir='ltr'>praeberent</span> <span class='ocrx_word' id='word_1_93' title='bbox 457 1721 622 1800; x_wconf 89' lang='lat' dir='ltr'>quandam</span> <span class='ocrx_word' id='word_1_94' title='bbox 646 1721 905 1786; x_wconf 89' lang='lat' dir='ltr'>similitudinem.</span> <span class='ocrx_word' id='word_1_95' title='bbox 930 1721 969 1785; x_wconf 92' lang='lat' dir='ltr'>In</span> <span class='ocrx_word' id='word_1_96' title='bbox 1001 1741 1100 1803; x_wconf 90' lang='lat' dir='ltr'>quam</span> <span class='ocrx_word' id='word_1_97' title='bbox 1133 1723 1233 1786; x_wconf 89' lang='lat' dir='ltr'>altius</span> <span class='ocrx_word' id='word_1_98' title='bbox 1269 1723 1438 1797; x_wconf 92' lang='lat' dir='ltr'>inquiren·</span> 
     </span>
     <span class='ocr_line' id='line_1_12' title="bbox 89 1808 1440 1892; baseline -0.001 -19"><span class='ocrx_word' id='word_1_99' title='bbox 89 1811 178 1873; x_wconf 92' lang='lat' dir='ltr'>tibus</span> <span class='ocrx_word' id='word_1_100' title='bbox 202 1809 337 1873; x_wconf 92' lang='lat' dir='ltr'>dubium</span> <span class='ocrx_word' id='word_1_101' title='bbox 360 1827 435 1871; x_wconf 87' lang='lat' dir='ltr'>esse</span> <span class='ocrx_word' id='word_1_102' title='bbox 458 1826 525 1872; x_wconf 90' lang='lat' dir='ltr'>non</span> <span class='ocrx_word' id='word_1_103' title='bbox 548 1813 669 1890; x_wconf 88' lang='lat' dir='ltr'>potest,</span> <span class='ocrx_word' id='word_1_104' title='bbox 694 1809 773 1889; x_wconf 93' lang='lat' dir='ltr'>quin</span> <span class='ocrx_word' id='word_1_105' title='bbox 797 1827 837 1873; x_wconf 91' lang='lat' dir='ltr'>ea</span> <span class='ocrx_word' id='word_1_106' title='bbox 860 1810 903 1872; x_wconf 91' lang='lat' dir='ltr'>sit</span> <span class='ocrx_word' id='word_1_107' title='bbox 925 1809 1044 1892; x_wconf 60' lang='lat' dir='ltr'>ipsius,</span> <span class='ocrx_word' id='word_1_108' title='bbox 1064 1828 1175 1888; x_wconf 89' lang='lat' dir='ltr'>causa,</span> <span class='ocrx_word' id='word_1_109' title='bbox 1213 1809 1301 1889; x_wconf 91' lang='lat' dir='ltr'>quod</span> <span class='ocrx_word' id='word_1_110' title='bbox 1336 1808 1440 1874; x_wconf 85' lang='lat' dir='ltr'>verba</span> 
     </span>
     <span class='ocr_line' id='line_1_13' title="bbox 89 1894 1437 1977; baseline -0.001 -17"><span class='ocrx_word' id='word_1_111' title='bbox 89 1916 176 1977; x_wconf 90' lang='lat' dir='ltr'>quae</span> <span class='ocrx_word' id='word_1_112' title='bbox 200 1894 390 1976; x_wconf 79' lang='lat' dir='ltr'>quaerimus</span> <span class='ocrx_word' id='word_1_113' title='bbox 414 1895 625 1976; x_wconf 89' lang='lat' dir='ltr'>potissimum</span> <span class='ocrx_word' id='word_1_114' title='bbox 647 1913 764 1960; x_wconf 86' lang='lat' dir='ltr'>revera</span> <span class='ocrx_word' id='word_1_115' title='bbox 787 1895 932 1960; x_wconf 88' lang='lat' dir='ltr'>habeant</span> <span class='ocrx_word' id='word_1_116' title='bbox 954 1897 1123 1961; x_wconf 89' lang='lat' dir='ltr'>notionem</span> <span class='ocrx_word' id='word_1_117' title='bbox 1146 1899 1325 1960; x_wconf 80' lang='lat' dir='ltr'>verborum</span> <span class='ocrx_word' id='word_1_118' title='bbox 1342 1897 1437 1960; x_wconf 90' lang='lat' dir='ltr'>auxi-</span> 
     </span>
     <span class='ocr_line' id='line_1_14' title="bbox 89 1981 1439 2064; baseline 0 -16"><span class='ocrx_word' id='word_1_119' title='bbox 89 1985 230 2062; x_wconf 88' lang='lat' dir='ltr'>liarium,</span> <span class='ocrx_word' id='word_1_120' title='bbox 255 1983 313 2046; x_wconf 91' lang='lat' dir='ltr'>sed</span> <span class='ocrx_word' id='word_1_121' title='bbox 335 1982 428 2046; x_wconf 89' lang='lat' dir='ltr'>vario</span> <span class='ocrx_word' id='word_1_122' title='bbox 452 1981 550 2045; x_wconf 93' lang='lat' dir='ltr'>modo</span> <span class='ocrx_word' id='word_1_123' title='bbox 565 1983 812 2046; x_wconf 90' lang='lat' dir='ltr'>inluminatam:</span> <span class='ocrx_word' id='word_1_124' title='bbox 837 2001 914 2046; x_wconf 93' lang='lat' dir='ltr'>nam</span> <span class='ocrx_word' id='word_1_125' title='bbox 937 1989 994 2047; x_wconf 91' lang='lat' dir='ltr'>aut</span> <span class='ocrx_word' id='word_1_126' title='bbox 1016 1984 1106 2048; x_wconf 87' lang='lat' dir='ltr'>laces</span> <span class='ocrx_word' id='word_1_127' title='bbox 1131 1989 1238 2048; x_wconf 89' lang='lat' dir='ltr'>metus</span> <span class='ocrx_word' id='word_1_128' title='bbox 1256 1989 1332 2046; x_wconf 92' lang='lat' dir='ltr'>sunt</span> <span class='ocrx_word' id='word_1_129' title='bbox 1354 2002 1439 2064; x_wconf 92' lang='lat' dir='ltr'>quae</span> 
     </span>
     <span class='ocr_line' id='line_1_15' title="bbox 91 2069 1440 2151; baseline -0.001 -15"><span class='ocrx_word' id='word_1_130' title='bbox 91 2072 306 2136; x_wconf 84' lang='lat' dir='ltr'>admoventur</span> <span class='ocrx_word' id='word_1_131' title='bbox 329 2076 387 2133; x_wconf 85' lang='lat' dir='ltr'>aut</span> <span class='ocrx_word' id='word_1_132' title='bbox 409 2069 518 2145; x_wconf 89' lang='lat' dir='ltr'>studii,</span> <span class='ocrx_word' id='word_1_133' title='bbox 544 2069 620 2133; x_wconf 92' lang='lat' dir='ltr'>dein</span> <span class='ocrx_word' id='word_1_134' title='bbox 643 2071 767 2134; x_wconf 91' lang='lat' dir='ltr'>amoris</span> <span class='ocrx_word' id='word_1_135' title='bbox 791 2069 859 2134; x_wconf 92' lang='lat' dir='ltr'>odii</span> <span class='ocrx_word' id='word_1_136' title='bbox 883 2070 1051 2134; x_wconf 90' lang='lat' dir='ltr'>similium.</span> <span class='ocrx_word' id='word_1_137' title='bbox 1077 2070 1195 2151; x_wconf 91' lang='lat' dir='ltr'>quibus</span> <span class='ocrx_word' id='word_1_138' title='bbox 1211 2071 1320 2149; x_wconf 90' lang='lat' dir='ltr'>imago</span> <span class='ocrx_word' id='word_1_139' title='bbox 1338 2089 1440 2150; x_wconf 87' lang='lat' dir='ltr'>agen-</span> 
     </span>
     <span class='ocr_line' id='line_1_16' title="bbox 87 2156 1439 2240; baseline -0.001 -19"><span class='ocrx_word' id='word_1_140' title='bbox 87 2160 130 2222; x_wconf 94' lang='lat' dir='ltr'>tis</span> <span class='ocrx_word' id='word_1_141' title='bbox 157 2175 357 2240; x_wconf 74' lang='lat' dir='ltr'>»personae«</span> <span class='ocrx_word' id='word_1_142' title='bbox 384 2156 503 2220; x_wconf 92' lang='lat' dir='ltr'>melius</span> <span class='ocrx_word' id='word_1_143' title='bbox 520 2156 693 2220; x_wconf 80' lang='lat' dir='ltr'>inchoetur</span> <span class='ocrx_word' id='word_1_144' title='bbox 716 2163 814 2237; x_wconf 90' lang='lat' dir='ltr'>atque</span> <span class='ocrx_word' id='word_1_145' title='bbox 839 2157 1054 2236; x_wconf 73' lang='lat' dir='ltr'>informetur,</span> <span class='ocrx_word' id='word_1_146' title='bbox 1078 2157 1166 2238; x_wconf 91' lang='lat' dir='ltr'>quod</span> <span class='ocrx_word' id='word_1_147' title='bbox 1183 2157 1317 2238; x_wconf 89' lang='lat' dir='ltr'>quidem</span> <span class='ocrx_word' id='word_1_148' title='bbox 1334 2177 1439 2238; x_wconf 91' lang='lat' dir='ltr'>quan-</span> 
     </span>
     <span class='ocr_line' id='line_1_17' title="bbox 87 2244 1440 2328; baseline 0 -20"><span class='ocrx_word' id='word_1_149' title='bbox 87 2252 159 2310; x_wconf 90' lang='lat' dir='ltr'>tum</span> <span class='ocrx_word' id='word_1_150' title='bbox 181 2246 290 2309; x_wconf 84' lang='lat' dir='ltr'>valeat</span> <span class='ocrx_word' id='word_1_151' title='bbox 314 2244 355 2306; x_wconf 90' lang='lat' dir='ltr'>ad</span> <span class='ocrx_word' id='word_1_152' title='bbox 380 2244 566 2307; x_wconf 88' lang='lat' dir='ltr'>orationem</span> <span class='ocrx_word' id='word_1_153' title='bbox 590 2244 805 2308; x_wconf 79' lang='lat' dir='ltr'>colorandam</span> <span class='ocrx_word' id='word_1_154' title='bbox 828 2246 1127 2328; x_wconf 85' lang='lat' dir='ltr'>roborandamque,</span> <span class='ocrx_word' id='word_1_155' title='bbox 1152 2245 1219 2308; x_wconf 89' lang='lat' dir='ltr'>iam</span> <span class='ocrx_word' id='word_1_156' title='bbox 1254 2263 1356 2326; x_wconf 90' lang='lat' dir='ltr'>supra</span> <span class='ocrx_word' id='word_1_157' title='bbox 1390 2246 1440 2308; x_wconf 92' lang='lat' dir='ltr'>in-</span> 
     </span>
     <span class='ocr_line' id='line_1_18' title="bbox 88 2330 1440 2410; baseline 0 -14"><span class='ocrx_word' id='word_1_158' title='bbox 88 2334 280 2397; x_wconf 87' lang='lat' dir='ltr'>dicavimus.</span> <span class='ocrx_word' id='word_1_159' title='bbox 314 2331 361 2394; x_wconf 92' lang='lat' dir='ltr'>lta</span> <span class='ocrx_word' id='word_1_160' title='bbox 384 2331 480 2395; x_wconf 87' lang='lat' dir='ltr'>facile</span> <span class='ocrx_word' id='word_1_161' title='bbox 504 2330 704 2409; x_wconf 87' lang='lat' dir='ltr'>intellegitur</span> <span class='ocrx_word' id='word_1_162' title='bbox 727 2331 899 2395; x_wconf 88' lang='lat' dir='ltr'>Horatium</span> <span class='ocrx_word' id='word_1_163' title='bbox 921 2339 1097 2410; x_wconf 91' lang='lat' dir='ltr'>utrumque</span> <span class='ocrx_word' id='word_1_164' title='bbox 1121 2338 1338 2396; x_wconf 88' lang='lat' dir='ltr'>consecutum</span> <span class='ocrx_word' id='word_1_165' title='bbox 1353 2351 1440 2410; x_wconf 90' lang='lat' dir='ltr'>esse,</span> 
     </span>
     <span class='ocr_line' id='line_1_19' title="bbox 89 2417 1442 2499; baseline -0.001 -15"><span class='ocrx_word' id='word_1_166' title='bbox 89 2427 126 2484; x_wconf 88' lang='lat' dir='ltr'>ut</span> <span class='ocrx_word' id='word_1_167' title='bbox 149 2427 182 2484; x_wconf 88' lang='lat' dir='ltr'>et</span> <span class='ocrx_word' id='word_1_168' title='bbox 202 2419 363 2483; x_wconf 83' lang='lat' dir='ltr'>infinitivo</span> <span class='ocrx_word' id='word_1_169' title='bbox 387 2424 463 2499; x_wconf 93' lang='lat' dir='ltr'>post</span> <span class='ocrx_word' id='word_1_170' title='bbox 486 2419 543 2481; x_wconf 89' lang='lat' dir='ltr'>illa</span> <span class='ocrx_word' id='word_1_171' title='bbox 566 2417 667 2481; x_wconf 86' lang='lat' dir='ltr'>verba</span> <span class='ocrx_word' id='word_1_172' title='bbox 690 2419 760 2482; x_wconf 91' lang='lat' dir='ltr'>iure</span> <span class='ocrx_word' id='word_1_173' title='bbox 784 2419 895 2482; x_wconf 93' lang='lat' dir='ltr'>locum</span> <span class='ocrx_word' id='word_1_174' title='bbox 918 2419 1012 2482; x_wconf 89' lang='lat' dir='ltr'>daret</span> <span class='ocrx_word' id='word_1_175' title='bbox 1036 2423 1069 2482; x_wconf 91' lang='lat' dir='ltr'>et</span> <span class='ocrx_word' id='word_1_176' title='bbox 1093 2419 1236 2482; x_wconf 86' lang='lat' dir='ltr'>satietati</span> <span class='ocrx_word' id='word_1_177' title='bbox 1253 2420 1442 2484; x_wconf 89' lang='lat' dir='ltr'>animorum</span> 
     </span>
     <span class='ocr_line' id='line_1_20' title="bbox 88 2504 1439 2589; baseline -0.001 -18"><span class='ocrx_word' id='word_1_178' title='bbox 88 2526 173 2589; x_wconf 89' lang='lat' dir='ltr'>quae</span> <span class='ocrx_word' id='word_1_179' title='bbox 198 2512 249 2570; x_wconf 88' lang='lat' dir='ltr'>est</span> <span class='ocrx_word' id='word_1_180' title='bbox 272 2506 361 2569; x_wconf 91' lang='lat' dir='ltr'>omni</span> <span class='ocrx_word' id='word_1_181' title='bbox 385 2505 447 2567; x_wconf 87' lang='lat' dir='ltr'>arti</span> <span class='ocrx_word' id='word_1_182' title='bbox 470 2504 684 2569; x_wconf 88' lang='lat' dir='ltr'>infestissima</span> <span class='ocrx_word' id='word_1_183' title='bbox 708 2525 868 2587; x_wconf 89' lang='lat' dir='ltr'>prospere</span> <span class='ocrx_word' id='word_1_184' title='bbox 893 2510 1093 2582; x_wconf 88' lang='lat' dir='ltr'>occurreret,</span> <span class='ocrx_word' id='word_1_185' title='bbox 1117 2505 1150 2567; x_wconf 92' lang='lat' dir='ltr'>id</span> <span class='ocrx_word' id='word_1_186' title='bbox 1174 2505 1262 2587; x_wconf 92' lang='lat' dir='ltr'>quod</span> <span class='ocrx_word' id='word_1_187' title='bbox 1286 2506 1439 2572; x_wconf 91' lang='lat' dir='ltr'>homines</span> 
     </span>
     <span class='ocr_line' id='line_1_21' title="bbox 87 2592 1438 2672; baseline 0 -14"><span class='ocrx_word' id='word_1_188' title='bbox 87 2595 176 2658; x_wconf 88' lang='lat' dir='ltr'>docti</span> <span class='ocrx_word' id='word_1_189' title='bbox 198 2593 330 2656; x_wconf 91' lang='lat' dir='ltr'>nomine</span> <span class='ocrx_word' id='word_1_190' title='bbox 355 2596 516 2655; x_wconf 87' lang='lat' dir='ltr'>exornant</span> <span class='ocrx_word' id='word_1_191' title='bbox 539 2592 804 2670; x_wconf 88' lang='lat' dir='ltr'>constructionis,</span> <span class='ocrx_word' id='word_1_192' title='bbox 829 2611 913 2672; x_wconf 90' lang='lat' dir='ltr'>quae</span> <span class='ocrx_word' id='word_1_193' title='bbox 937 2592 978 2656; x_wconf 91' lang='lat' dir='ltr'>ad</span> <span class='ocrx_word' id='word_1_194' title='bbox 1004 2611 1139 2657; x_wconf 90' lang='lat' dir='ltr'>sensum</span> <span class='ocrx_word' id='word_1_195' title='bbox 1173 2594 1217 2656; x_wconf 89' lang='lat' dir='ltr'>fit.</span> <span class='ocrx_word' id='word_1_196' title='bbox 1252 2592 1346 2669; x_wconf 83' lang='lat' dir='ltr'>Quod</span> <span class='ocrx_word' id='word_1_197' title='bbox 1378 2613 1438 2658; x_wconf 93' lang='lat' dir='ltr'>no·</span> 
     </span>
     <span class='ocr_line' id='line_1_22' title="bbox 89 2673 1440 2760; baseline -0.001 -16"><span class='ocrx_word' id='word_1_198' title='bbox 89 2701 165 2744; x_wconf 91' lang='lat' dir='ltr'>men</span> <span class='ocrx_word' id='word_1_199' title='bbox 189 2681 245 2760; x_wconf 94' lang='lat' dir='ltr'>qui</span> <span class='ocrx_word' id='word_1_200' title='bbox 267 2678 483 2744; x_wconf 87' lang='lat' dir='ltr'>reformidant</span> <span class='ocrx_word' id='word_1_201' title='bbox 512 2715 545 2725; x_wconf 87' lang='lat'>—</span> <span class='ocrx_word' id='word_1_202' title='bbox 571 2679 648 2760; x_wconf 92' lang='lat' dir='ltr'>quid</span> <span class='ocrx_word' id='word_1_203' title='bbox 671 2680 760 2742; x_wconf 92' lang='lat' dir='ltr'>enim</span> <span class='ocrx_word' id='word_1_204' title='bbox 793 2680 855 2744; x_wconf 91' lang='lat' dir='ltr'>sub</span> <span class='ocrx_word' id='word_1_205' title='bbox 890 2679 958 2744; x_wconf 92' lang='lat' dir='ltr'>sole</span> <span class='ocrx_word' id='word_1_206' title='bbox 993 2673 1167 2744; x_wconf 86' lang='lat' dir='ltr'>formidine</span> <span class='ocrx_word' id='word_1_207' title='bbox 1201 2680 1376 2744; x_wconf 81' lang='lat' dir='ltr'>vacuum?</span> <span class='ocrx_word' id='word_1_208' title='bbox 1400 2717 1440 2728; x_wconf 91' lang='lat'><em>-</em></span> 
     </span>
     <span class='ocr_line' id='line_1_23' title="bbox 88 2765 1438 2849; baseline -0.001 -17"><span class='ocrx_word' id='word_1_209' title='bbox 88 2769 144 2836; x_wconf 88' lang='lat' dir='ltr'>isti</span> <span class='ocrx_word' id='word_1_210' title='bbox 168 2786 281 2832; x_wconf 91' lang='lat' dir='ltr'>secum</span> <span class='ocrx_word' id='word_1_211' title='bbox 304 2771 458 2848; x_wconf 92' lang='lat' dir='ltr'>reputare</span> <span class='ocrx_word' id='word_1_212' title='bbox 483 2765 613 2830; x_wconf 92' lang='lat' dir='ltr'>debent.</span> <span class='ocrx_word' id='word_1_213' title='bbox 638 2766 703 2829; x_wconf 90' lang='lat' dir='ltr'>duo</span> <span class='ocrx_word' id='word_1_214' title='bbox 727 2786 801 2832; x_wconf 92' lang='lat' dir='ltr'>esse</span> <span class='ocrx_word' id='word_1_215' title='bbox 834 2767 1005 2849; x_wconf 88' lang='lat' dir='ltr'>principia,</span> <span class='ocrx_word' id='word_1_216' title='bbox 1039 2765 1157 2849; x_wconf 89' lang='lat' dir='ltr'>quibus</span> <span class='ocrx_word' id='word_1_217' title='bbox 1191 2786 1272 2830; x_wconf 92' lang='lat' dir='ltr'>usus</span> <span class='ocrx_word' id='word_1_218' title='bbox 1305 2766 1438 2832; x_wconf 91' lang='lat' dir='ltr'>dicendi</span> 
     </span>
     <span class='ocr_line' id='line_1_24' title="bbox 89 2853 1440 2936; baseline -0.001 -15"><span class='ocrx_word' id='word_1_219' title='bbox 89 2860 231 2936; x_wconf 92' lang='lat' dir='ltr'>regatur,</span> <span class='ocrx_word' id='word_1_220' title='bbox 256 2853 419 2917; x_wconf 89' lang='lat' dir='ltr'>rationem</span> <span class='ocrx_word' id='word_1_221' title='bbox 442 2870 481 2916; x_wconf 91' lang='lat' dir='ltr'>ac</span> <span class='ocrx_word' id='word_1_222' title='bbox 504 2853 571 2915; x_wconf 91' lang='lat' dir='ltr'>vim</span> <span class='ocrx_word' id='word_1_223' title='bbox 595 2853 775 2932; x_wconf 72' lang='lat' dir='ltr'>sentiendi,</span> <span class='ocrx_word' id='word_1_224' title='bbox 810 2873 849 2919; x_wconf 90' lang='lat' dir='ltr'>ea</span> <span class='ocrx_word' id='word_1_225' title='bbox 872 2858 983 2917; x_wconf 89' lang='lat' dir='ltr'>autem</span> <span class='ocrx_word' id='word_1_226' title='bbox 1018 2854 1179 2936; x_wconf 88' lang='lat' dir='ltr'>principia</span> <span class='ocrx_word' id='word_1_227' title='bbox 1213 2872 1314 2935; x_wconf 88' lang='lat' dir='ltr'>saepe</span> <span class='ocrx_word' id='word_1_228' title='bbox 1350 2855 1440 2919; x_wconf 90' lang='lat' dir='ltr'>inter</span> 
     </span>
     <span class='ocr_line' id='line_1_25' title="bbox 89 2939 1440 3024; baseline -0.001 -17"><span class='ocrx_word' id='word_1_229' title='bbox 89 2963 126 3007; x_wconf 89' lang='lat' dir='ltr'>se</span> <span class='ocrx_word' id='word_1_230' title='bbox 151 2960 315 3024; x_wconf 88' lang='lat' dir='ltr'>pugnare;</span> <span class='ocrx_word' id='word_1_231' title='bbox 340 2959 480 3020; x_wconf 90' lang='lat' dir='ltr'>cumque</span> <span class='ocrx_word' id='word_1_232' title='bbox 525 2939 612 3004; x_wconf 91' lang='lat' dir='ltr'>iusto</span> <span class='ocrx_word' id='word_1_233' title='bbox 636 2941 734 3005; x_wconf 83' lang='lat' dir='ltr'>inodo</span> <span class='ocrx_word' id='word_1_234' title='bbox 766 2960 802 3005; x_wconf 91' lang='lat' dir='ltr'>se</span> <span class='ocrx_word' id='word_1_235' title='bbox 838 2947 1021 3022; x_wconf 87' lang='lat' dir='ltr'>penetrent,</span> <span class='ocrx_word' id='word_1_236' title='bbox 1060 2941 1192 3006; x_wconf 84' lang='lat' dir='ltr'>efficere</span> <span class='ocrx_word' id='word_1_237' title='bbox 1227 2942 1440 3006; x_wconf 90' lang='lat' dir='ltr'>concordiam</span> 
     </span>
     <span class='ocr_line' id='line_1_26' title="bbox 88 3027 1442 3111; baseline -0.001 -17"><span class='ocrx_word' id='word_1_238' title='bbox 88 3048 175 3111; x_wconf 88' lang='lat' dir='ltr'>quae</span> <span class='ocrx_word' id='word_1_239' title='bbox 199 3029 359 3106; x_wconf 90' lang='lat' dir='ltr'>delectet;</span> <span class='ocrx_word' id='word_1_240' title='bbox 384 3046 458 3091; x_wconf 91' lang='lat' dir='ltr'>cum</span> <span class='ocrx_word' id='word_1_241' title='bbox 483 3027 601 3100; x_wconf 87' lang='lat' dir='ltr'>minus,</span> <span class='ocrx_word' id='word_1_242' title='bbox 627 3028 812 3106; x_wconf 85' lang='lat' dir='ltr'>offendere;</span> <span class='ocrx_word' id='word_1_243' title='bbox 837 3048 877 3092; x_wconf 90' lang='lat' dir='ltr'>ex</span> <span class='ocrx_word' id='word_1_244' title='bbox 893 3046 933 3092; x_wconf 89' lang='lat' dir='ltr'>ea</span> <span class='ocrx_word' id='word_1_245' title='bbox 957 3047 1055 3110; x_wconf 92' lang='lat' dir='ltr'>porro</span> <span class='ocrx_word' id='word_1_246' title='bbox 1069 3047 1187 3110; x_wconf 89' lang='lat' dir='ltr'>pugna,</span> <span class='ocrx_word' id='word_1_247' title='bbox 1209 3047 1284 3091; x_wconf 92' lang='lat' dir='ltr'>cum</span> <span class='ocrx_word' id='word_1_248' title='bbox 1303 3047 1442 3110; x_wconf 86' lang='lat' dir='ltr'>praeva-</span> 
     </span>
     <span class='ocr_line' id='line_1_27' title="bbox 89 3114 1441 3197; baseline 0 -17"><span class='ocrx_word' id='word_1_249' title='bbox 89 3119 156 3182; x_wconf 88' lang='lat' dir='ltr'>leat</span> <span class='ocrx_word' id='word_1_250' title='bbox 179 3135 307 3193; x_wconf 88' lang='lat' dir='ltr'>sensus,</span> <span class='ocrx_word' id='word_1_251' title='bbox 330 3115 441 3177; x_wconf 85' lang='lat' dir='ltr'>varias</span> <span class='ocrx_word' id='word_1_252' title='bbox 466 3114 545 3178; x_wconf 90' lang='lat' dir='ltr'>oriri</span> <span class='ocrx_word' id='word_1_253' title='bbox 578 3115 812 3180; x_wconf 90' lang='lat' dir='ltr'>translationes</span> <span class='ocrx_word' id='word_1_254' title='bbox 844 3115 1083 3195; x_wconf 89' lang='lat' dir='ltr'>liberioresque</span> <span class='ocrx_word' id='word_1_255' title='bbox 1115 3117 1148 3178; x_wconf 91' lang='lat' dir='ltr'>in</span> <span class='ocrx_word' id='word_1_256' title='bbox 1181 3115 1328 3197; x_wconf 89' lang='lat' dir='ltr'>speciem</span> <span class='ocrx_word' id='word_1_257' title='bbox 1361 3135 1441 3180; x_wconf 92' lang='lat' dir='ltr'>con-</span> 
     </span>
     <span class='ocr_line' id='line_1_28' title="bbox 89 3202 1441 3285; baseline -0.001 -17"><span class='ocrx_word' id='word_1_258' title='bbox 89 3203 298 3268; x_wconf 73' lang='lat' dir='ltr'>structiones,</span> <span class='ocrx_word' id='word_1_259' title='bbox 324 3220 464 3281; x_wconf 73' lang='lat' dir='ltr'>quarum</span> <span class='ocrx_word' id='word_1_260' title='bbox 488 3221 569 3265; x_wconf 90' lang='lat' dir='ltr'>usus</span> <span class='ocrx_word' id='word_1_261' title='bbox 592 3203 625 3265; x_wconf 92' lang='lat' dir='ltr'>in</span> <span class='ocrx_word' id='word_1_262' title='bbox 649 3202 800 3266; x_wconf 88' lang='lat' dir='ltr'>oratione</span> <span class='ocrx_word' id='word_1_263' title='bbox 824 3202 970 3285; x_wconf 91' lang='lat' dir='ltr'>pedestri</span> <span class='ocrx_word' id='word_1_264' title='bbox 993 3221 1131 3280; x_wconf 90' lang='lat' dir='ltr'>magnus</span> <span class='ocrx_word' id='word_1_265' title='bbox 1157 3203 1209 3275; x_wconf 84' lang='lat' dir='ltr'>sit,</span> <span class='ocrx_word' id='word_1_266' title='bbox 1234 3203 1338 3266; x_wconf 88' lang='lat' dir='ltr'>multo</span> <span class='ocrx_word' id='word_1_267' title='bbox 1372 3222 1441 3268; x_wconf 88' lang='lat' dir='ltr'>ma-</span> 
     </span>
     <span class='ocr_line' id='line_1_29' title="bbox 90 3288 1440 3371; baseline 0 -17"><span class='ocrx_word' id='word_1_268' title='bbox 90 3293 140 3355; x_wconf 92' lang='lat' dir='ltr'>ior</span> <span class='ocrx_word' id='word_1_269' title='bbox 163 3289 250 3371; x_wconf 90' lang='lat' dir='ltr'>apud</span> <span class='ocrx_word' id='word_1_270' title='bbox 274 3288 457 3370; x_wconf 89' lang='lat' dir='ltr'>scriptores</span> <span class='ocrx_word' id='word_1_271' title='bbox 482 3289 639 3353; x_wconf 89' lang='lat' dir='ltr'>orationis</span> <span class='ocrx_word' id='word_1_272' title='bbox 663 3290 809 3353; x_wconf 90' lang='lat' dir='ltr'>numeris</span> <span class='ocrx_word' id='word_1_273' title='bbox 834 3289 1012 3354; x_wconf 89' lang='lat' dir='ltr'>adstrictae</span> <span class='ocrx_word' id='word_1_274' title='bbox 1048 3290 1196 3354; x_wconf 91' lang='lat' dir='ltr'>omnium</span> <span class='ocrx_word' id='word_1_275' title='bbox 1228 3296 1260 3354; x_wconf 91' lang='lat' dir='ltr'>et</span> <span class='ocrx_word' id='word_1_276' title='bbox 1292 3295 1440 3354; x_wconf 87' lang='lat' dir='ltr'>aetatum</span> 
     </span>
     <span class='ocr_line' id='line_1_30' title="bbox 91 3375 1441 3459; baseline -0.001 -17"><span class='ocrx_word' id='word_1_277' title='bbox 91 3385 125 3443; x_wconf 88' lang='lat' dir='ltr'>et</span> <span class='ocrx_word' id='word_1_278' title='bbox 147 3377 355 3459; x_wconf 86' lang='lat' dir='ltr'>populorum.</span> <span class='ocrx_word' id='word_1_279' title='bbox 380 3375 498 3454; x_wconf 80' lang='lat' dir='ltr'>Quare,</span> <span class='ocrx_word' id='word_1_280' title='bbox 524 3376 611 3457; x_wconf 92' lang='lat' dir='ltr'>quod</span> <span class='ocrx_word' id='word_1_281' title='bbox 635 3376 825 3440; x_wconf 87' lang='lat' dir='ltr'>conceditur</span> <span class='ocrx_word' id='word_1_282' title='bbox 842 3377 994 3440; x_wconf 88' lang='lat' dir='ltr'>omnibus</span> <span class='ocrx_word' id='word_1_283' title='bbox 1028 3377 1084 3457; x_wconf 91' lang='lat' dir='ltr'>qui</span> <span class='ocrx_word' id='word_1_284' title='bbox 1116 3377 1213 3440; x_wconf 87' lang='lat' dir='ltr'>altius</span> <span class='ocrx_word' id='word_1_285' title='bbox 1247 3376 1441 3456; x_wconf 81' lang='lat' dir='ltr'>adsurgunt,</span> 
     </span>
     <span class='ocr_line' id='line_1_31' title="bbox 90 3462 1440 3545; baseline 0.001 -17"><span class='ocrx_word' id='word_1_286' title='bbox 90 3484 198 3545; x_wconf 88' lang='lat' dir='ltr'>neque</span> <span class='ocrx_word' id='word_1_287' title='bbox 222 3463 359 3527; x_wconf 88' lang='lat' dir='ltr'>Horatio</span> <span class='ocrx_word' id='word_1_288' title='bbox 381 3463 459 3525; x_wconf 85' lang='lat' dir='ltr'>vitio</span> <span class='ocrx_word' id='word_1_289' title='bbox 483 3462 678 3526; x_wconf 86' lang='lat' dir='ltr'>vertendum</span> <span class='ocrx_word' id='word_1_290' title='bbox 702 3469 763 3544; x_wconf 88' lang='lat' dir='ltr'>est,</span> <span class='ocrx_word' id='word_1_291' title='bbox 787 3465 815 3527; x_wconf 91' lang='lat' dir='ltr'>si</span> <span class='ocrx_word' id='word_1_292' title='bbox 848 3464 981 3543; x_wconf 90' lang='lat' dir='ltr'>quidem</span> <span class='ocrx_word' id='word_1_293' title='bbox 1015 3483 1068 3528; x_wconf 88' lang='lat' dir='ltr'>res</span> <span class='ocrx_word' id='word_1_294' title='bbox 1104 3464 1301 3542; x_wconf 88' lang='lat' dir='ltr'>cogitatione</span> <span class='ocrx_word' id='word_1_295' title='bbox 1339 3465 1440 3529; x_wconf 89' lang='lat' dir='ltr'>initae</span> 
     </span>
     <span class='ocr_line' id='line_1_32' title="bbox 91 3550 1435 3632; baseline -0.001 -16"><span class='ocrx_word' id='word_1_296' title='bbox 91 3552 233 3616; x_wconf 88' lang='lat' dir='ltr'>arctiore</span> <span class='ocrx_word' id='word_1_297' title='bbox 258 3550 391 3614; x_wconf 89' lang='lat' dir='ltr'>vinculo</span> <span class='ocrx_word' id='word_1_298' title='bbox 415 3550 583 3614; x_wconf 87' lang='lat' dir='ltr'>societatis</span> <span class='ocrx_word' id='word_1_299' title='bbox 608 3551 788 3615; x_wconf 88' lang='lat' dir='ltr'>cohaerent</span> <span class='ocrx_word' id='word_1_300' title='bbox 811 3570 886 3614; x_wconf 89' lang='lat' dir='ltr'>com</span> <span class='ocrx_word' id='word_1_301' title='bbox 908 3552 1091 3628; x_wconf 87' lang='lat' dir='ltr'>vocabulis,</span> <span class='ocrx_word' id='word_1_302' title='bbox 1120 3569 1204 3632; x_wconf 88' lang='lat' dir='ltr'>quae</span> <span class='ocrx_word' id='word_1_303' title='bbox 1232 3571 1333 3616; x_wconf 89' lang='lat' dir='ltr'>sensu</span> <span class='ocrx_word' id='word_1_304' title='bbox 1358 3551 1435 3616; x_wconf 91' lang='lat' dir='ltr'>sub-</span> 
     </span>
     <span class='ocr_line' id='line_1_33' title="bbox 90 3635 1437 3718; baseline -0.002 -14"><span class='ocrx_word' id='word_1_305' title='bbox 90 3639 379 3704; x_wconf 89' lang='lat' dir='ltr'>administrantur:</span> <span class='ocrx_word' id='word_1_306' title='bbox 404 3636 500 3718; x_wconf 91' lang='lat' dir='ltr'>idque</span> <span class='ocrx_word' id='word_1_307' title='bbox 523 3635 630 3718; x_wconf 90' lang='lat' dir='ltr'>ipsum</span> <span class='ocrx_word' id='word_1_308' title='bbox 653 3637 831 3702; x_wconf 84' lang='lat' dir='ltr'>videndum</span> <span class='ocrx_word' id='word_1_309' title='bbox 854 3643 905 3701; x_wconf 91' lang='lat' dir='ltr'>est</span> <span class='ocrx_word' id='word_1_310' title='bbox 920 3637 1159 3718; x_wconf 91' lang='lat' dir='ltr'>inquirentibus</span> <span class='ocrx_word' id='word_1_311' title='bbox 1183 3639 1216 3701; x_wconf 92' lang='lat' dir='ltr'>in</span> <span class='ocrx_word' id='word_1_312' title='bbox 1239 3638 1303 3702; x_wconf 88' lang='lat' dir='ltr'>ista</span> <span class='ocrx_word' id='word_1_313' title='bbox 1326 3639 1437 3712; x_wconf 86' lang='lat' dir='ltr'>verba,</span> 
     </span>
     <span class='ocr_line' id='line_1_34' title="bbox 89 3723 1439 3807; baseline 0 -18"><span class='ocrx_word' id='word_1_314' title='bbox 89 3726 208 3807; x_wconf 90' lang='lat' dir='ltr'>quibus</span> <span class='ocrx_word' id='word_1_315' title='bbox 234 3725 372 3788; x_wconf 84' lang='lat' dir='ltr'>Flaccus</span> <span class='ocrx_word' id='word_1_316' title='bbox 396 3723 554 3801; x_wconf 91' lang='lat' dir='ltr'>singulari</span> <span class='ocrx_word' id='word_1_317' title='bbox 577 3724 719 3806; x_wconf 90' lang='lat' dir='ltr'>quodam</span> <span class='ocrx_word' id='word_1_318' title='bbox 742 3725 841 3788; x_wconf 74' lang='lat' dir='ltr'>modo</span> <span class='ocrx_word' id='word_1_319' title='bbox 865 3724 988 3788; x_wconf 91' lang='lat' dir='ltr'>nudum</span> <span class='ocrx_word' id='word_1_320' title='bbox 1012 3724 1205 3788; x_wconf 75' lang='lat' dir='ltr'>infinitivum</span> <span class='ocrx_word' id='word_1_321' title='bbox 1240 3725 1439 3803; x_wconf 90' lang='lat' dir='ltr'>subiungere</span> 
     </span>
     <span class='ocr_line' id='line_1_35' title="bbox 91 3809 1440 3892; baseline 0 -16"><span class='ocrx_word' id='word_1_322' title='bbox 91 3814 183 3878; x_wconf 89' lang='lat' dir='ltr'>solet.</span> <span class='ocrx_word' id='word_1_323' title='bbox 208 3811 268 3876; x_wconf 90' lang='lat' dir='ltr'>Cui</span> <span class='ocrx_word' id='word_1_324' title='bbox 291 3811 338 3876; x_wconf 90' lang='lat' dir='ltr'>rei</span> <span class='ocrx_word' id='word_1_325' title='bbox 361 3829 426 3891; x_wconf 93' lang='lat' dir='ltr'>quo</span> <span class='ocrx_word' id='word_1_326' title='bbox 450 3809 578 3874; x_wconf 81' lang='lat' dir='ltr'>facilius</span> <span class='ocrx_word' id='word_1_327' title='bbox 602 3811 857 3892; x_wconf 68' lang='lat' dir='ltr'>satisfaciamus</span> <span class='ocrx_word' id='word_1_328' title='bbox 882 3830 998 3875; x_wconf 92' lang='lat' dir='ltr'>omnes</span> <span class='ocrx_word' id='word_1_329' title='bbox 1023 3812 1116 3876; x_wconf 88' lang='lat' dir='ltr'>locos</span> <span class='ocrx_word' id='word_1_330' title='bbox 1140 3813 1367 3890; x_wconf 71' lang='lat' dir='ltr'>tractabimus</span> <span class='ocrx_word' id='word_1_331' title='bbox 1385 3811 1440 3876; x_wconf 90' lang='lat' dir='ltr'>ubi</span> 
     </span>
     <span class='ocr_line' id='line_1_36' title="bbox 89 3896 1441 3981; baseline -0.001 -17"><span class='ocrx_word' id='word_1_332' title='bbox 89 3900 197 3964; x_wconf 91' lang='lat' dir='ltr'>nudus</span> <span class='ocrx_word' id='word_1_333' title='bbox 220 3898 398 3963; x_wconf 85' lang='lat' dir='ltr'>infinitivus</span> <span class='ocrx_word' id='word_1_334' title='bbox 421 3896 529 3964; x_wconf 87' lang='lat' dir='ltr'>verbis</span> <span class='ocrx_word' id='word_1_335' title='bbox 553 3897 758 3976; x_wconf 78' lang='lat' dir='ltr'>adiungitur3</span> <span class='ocrx_word' id='word_1_336' title='bbox 784 3899 883 3963; x_wconf 92' lang='lat' dir='ltr'>etiam</span> <span class='ocrx_word' id='word_1_337' title='bbox 907 3900 1058 3981; x_wconf 91' lang='lat' dir='ltr'>exempla</span> <span class='ocrx_word' id='word_1_338' title='bbox 1081 3899 1222 3963; x_wconf 83' lang='lat' dir='ltr'>alioruin</span> <span class='ocrx_word' id='word_1_339' title='bbox 1239 3898 1441 3980; x_wconf 91' lang='lat' dir='ltr'>scriptorum</span> 
     </span>
     <span class='ocr_line' id='line_1_37' title="bbox 91 3985 1440 4067; baseline 0.001 -17"><span class='ocrx_word' id='word_1_340' title='bbox 91 3989 125 4050; x_wconf 91' lang='lat' dir='ltr'>in</span> <span class='ocrx_word' id='word_1_341' title='bbox 148 3986 293 4050; x_wconf 91' lang='lat' dir='ltr'>medium</span> <span class='ocrx_word' id='word_1_342' title='bbox 316 3985 535 4067; x_wconf 73' lang='lat' dir='ltr'>proferemus</span> <span class='ocrx_word' id='word_1_343' title='bbox 560 3985 608 4048; x_wconf 90' lang='lat' dir='ltr'>uti</span> <span class='ocrx_word' id='word_1_344' title='bbox 632 3990 790 4065; x_wconf 88' lang='lat' dir='ltr'>quantum</span> <span class='ocrx_word' id='word_1_345' title='bbox 813 3985 968 4050; x_wconf 89' lang='lat' dir='ltr'>Horatius</span> <span class='ocrx_word' id='word_1_346' title='bbox 992 3987 1129 4066; x_wconf 88' lang='lat' dir='ltr'>vestigia</span> <span class='ocrx_word' id='word_1_347' title='bbox 1161 3986 1359 4067; x_wconf 90' lang='lat' dir='ltr'>scriptorum</span> <span class='ocrx_word' id='word_1_348' title='bbox 1385 4006 1440 4051; x_wconf 90' lang='lat' dir='ltr'>su·</span> 
     </span>
     <span class='ocr_line' id='line_1_38' title="bbox 94 4072 956 4157; baseline 0 -19"><span class='ocrx_word' id='word_1_349' title='bbox 94 4073 235 4157; x_wconf 87' lang='lat' dir='ltr'>perieris</span> <span class='ocrx_word' id='word_1_350' title='bbox 259 4073 378 4137; x_wconf 87' lang='lat' dir='ltr'>aetatis</span> <span class='ocrx_word' id='word_1_351' title='bbox 403 4072 563 4154; x_wconf 90' lang='lat' dir='ltr'>presserit</span> <span class='ocrx_word' id='word_1_352' title='bbox 586 4073 705 4136; x_wconf 90' lang='lat' dir='ltr'>melius</span> <span class='ocrx_word' id='word_1_353' title='bbox 728 4078 956 4151; x_wconf 89' lang='lat' dir='ltr'>cognoscatur.</span> 
     </span>
    </p>
   </div>
   <div class='ocr_carea' id='block_1_4' title="bbox 93 4175 1440 4780">
    <p class='ocr_par' dir='ltr' id='par_1_4' title="bbox 93 4175 1440 4695">
     <span class='ocr_line' id='line_1_39' title="bbox 195 4175 1437 4259; baseline 0.003 -20"><span class='ocrx_word' id='word_1_354' title='bbox 195 4176 361 4258; x_wconf 87' lang='lat' dir='ltr'>Principio</span> <span class='ocrx_word' id='word_1_355' title='bbox 385 4178 417 4240; x_wconf 94' lang='lat' dir='ltr'>h.</span> <span class='ocrx_word' id='word_1_356' title='bbox 442 4177 462 4242; x_wconf 93' lang='lat' dir='ltr'>l.</span> <span class='ocrx_word' id='word_1_357' title='bbox 488 4175 707 4240; x_wconf 88' lang='lat' dir='ltr'>adscribenda</span> <span class='ocrx_word' id='word_1_358' title='bbox 731 4184 807 4241; x_wconf 87' lang='lat' dir='ltr'>sunt</span> <span class='ocrx_word' id='word_1_359' title='bbox 831 4178 993 4259; x_wconf 90' lang='lat' dir='ltr'>exempla,</span> <span class='ocrx_word' id='word_1_360' title='bbox 1016 4177 1072 4242; x_wconf 89' lang='lat' dir='ltr'>nbi</span> <span class='ocrx_word' id='word_1_361' title='bbox 1099 4177 1223 4250; x_wconf 63' lang='lat' dir='ltr'>›velle‹</span> <span class='ocrx_word' id='word_1_362' title='bbox 1242 4195 1281 4240; x_wconf 91' lang='lat' dir='ltr'>ac</span> <span class='ocrx_word' id='word_1_363' title='bbox 1302 4180 1437 4244; x_wconf 76' lang='lat' dir='ltr'>»malle«</span> 
     </span>
     <span class='ocr_line' id='line_1_40' title="bbox 93 4263 1440 4348; baseline 0.002 -21"><span class='ocrx_word' id='word_1_364' title='bbox 93 4264 286 4328; x_wconf 75' lang='lat' dir='ltr'>infinitivum</span> <span class='ocrx_word' id='word_1_365' title='bbox 309 4264 395 4327; x_wconf 89' lang='lat' dir='ltr'>iusto</span> <span class='ocrx_word' id='word_1_366' title='bbox 421 4263 518 4327; x_wconf 82' lang='lat' dir='ltr'>inodo</span> <span class='ocrx_word' id='word_1_367' title='bbox 543 4265 669 4328; x_wconf 93' lang='lat' dir='ltr'>socium</span> <span class='ocrx_word' id='word_1_368' title='bbox 692 4263 899 4328; x_wconf 88' lang='lat' dir='ltr'>adsciscunt:</span> <span class='ocrx_word' id='word_1_369' title='bbox 922 4265 949 4342; x_wconf 90' lang='lat' dir='ltr'>l,</span> <span class='ocrx_word' id='word_1_370' title='bbox 973 4267 1003 4344; x_wconf 72' lang='lat'>3,</span> <span class='ocrx_word' id='word_1_371' title='bbox 1023 4265 1080 4328; x_wconf 83' lang='lat'>16:</span> <span class='ocrx_word' id='word_1_372' title='bbox 1104 4264 1222 4328; x_wconf 92' lang='lat' dir='ltr'>tollere</span> <span class='ocrx_word' id='word_1_373' title='bbox 1240 4281 1299 4328; x_wconf 89' lang='lat' dir='ltr'>seu</span> <span class='ocrx_word' id='word_1_374' title='bbox 1315 4284 1440 4348; x_wconf 90' lang='lat' dir='ltr'>ponere</span> 
     </span>
     <span class='ocr_line' id='line_1_41' title="bbox 93 4350 1440 4432; baseline 0.003 -19"><span class='ocrx_word' id='word_1_375' title='bbox 93 4352 165 4414; x_wconf 85' lang='lat' dir='ltr'>vult</span> <span class='ocrx_word' id='word_1_376' title='bbox 188 4351 290 4429; x_wconf 88' lang='lat' dir='ltr'>lreta;</span> <span class='ocrx_word' id='word_1_377' title='bbox 313 4352 347 4424; x_wconf 90' lang='lat' dir='ltr'>ll,</span> <span class='ocrx_word' id='word_1_378' title='bbox 374 4350 423 4427; x_wconf 80' lang='lat'>12,</span> <span class='ocrx_word' id='word_1_379' title='bbox 448 4350 487 4412; x_wconf 83' lang='lat'>21</span> <span class='ocrx_word' id='word_1_380' title='bbox 513 4369 580 4431; x_wconf 83' lang='lat' dir='ltr'>sq:</span> <span class='ocrx_word' id='word_1_381' title='bbox 607 4353 692 4414; x_wconf 80' lang='lat' dir='ltr'>Num</span> <span class='ocrx_word' id='word_1_382' title='bbox 716 4358 751 4414; x_wconf 94' lang='lat' dir='ltr'>tu</span> <span class='ocrx_word' id='word_1_383' title='bbox 778 4389 817 4397; x_wconf 96' lang='lat'><em>-</em></span> <span class='ocrx_word' id='word_1_384' title='bbox 842 4351 1035 4432; x_wconf 83' lang='lat' dir='ltr'>Mygdonias</span> <span class='ocrx_word' id='word_1_385' title='bbox 1059 4370 1139 4432; x_wconf 89' lang='lat' dir='ltr'>opes</span> <span class='ocrx_word' id='word_1_386' title='bbox 1167 4350 1360 4418; x_wconf 89' lang='lat' dir='ltr'>Permutare</span> <span class='ocrx_word' id='word_1_387' title='bbox 1383 4373 1440 4417; x_wconf 87' lang='lat' dir='ltr'>ve·</span> 
     </span>
     <span class='ocr_line' id='line_1_42' title="bbox 94 4436 1440 4520; baseline 0.001 -19"><span class='ocrx_word' id='word_1_388' title='bbox 94 4439 133 4501; x_wconf 89' lang='lat' dir='ltr'>lis</span> <span class='ocrx_word' id='word_1_389' title='bbox 181 4438 269 4502; x_wconf 90' lang='lat' dir='ltr'>crine</span> <span class='ocrx_word' id='word_1_390' title='bbox 315 4437 501 4519; x_wconf 87' lang='lat' dir='ltr'>Licymniae</span> <span class='ocrx_word' id='word_1_391' title='bbox 512 4436 537 4514; x_wconf 78' lang='lat'>?;</span> <span class='ocrx_word' id='word_1_392' title='bbox 562 4438 608 4512; x_wconf 86' lang='lat' dir='ltr'>lli,</span> <span class='ocrx_word' id='word_1_393' title='bbox 633 4439 663 4511; x_wconf 88' lang='grc'>3,</span> <span class='ocrx_word' id='word_1_394' title='bbox 688 4439 748 4501; x_wconf 82' lang='grc' dir='ltr'>6οε</span> <span class='ocrx_word' id='word_1_395' title='bbox 774 4445 844 4510; x_wconf 78' lang='lat' dir='ltr'>(ner</span> <span class='ocrx_word' id='word_1_396' title='bbox 868 4440 970 4504; x_wconf 88' lang='lat' dir='ltr'>Tecta</span> <span class='ocrx_word' id='word_1_397' title='bbox 992 4438 1093 4502; x_wconf 87' lang='lat' dir='ltr'>velint</span> <span class='ocrx_word' id='word_1_398' title='bbox 1116 4456 1293 4520; x_wconf 86' lang='lat' dir='ltr'>reparare;</span> <span class='ocrx_word' id='word_1_399' title='bbox 1318 4438 1374 4506; x_wconf 85' lang='lat' dir='ltr'>lli.</span> <span class='ocrx_word' id='word_1_400' title='bbox 1388 4439 1440 4518; x_wconf 84' lang='lat'>24,</span> 
     </span>
     <span class='ocr_line' id='line_1_43' title="bbox 93 4523 1439 4608; baseline 0.001 -20"><span class='ocrx_word' id='word_1_401' title='bbox 93 4526 136 4588; x_wconf 80' lang='lat'>25</span> <span class='ocrx_word' id='word_1_402' title='bbox 160 4543 227 4608; x_wconf 88' lang='lat' dir='ltr'>sq:</span> <span class='ocrx_word' id='word_1_403' title='bbox 252 4524 278 4590; x_wconf 97' lang='lat' dir='ltr'>O</span> <span class='ocrx_word' id='word_1_404' title='bbox 302 4525 449 4608; x_wconf 89' lang='lat' dir='ltr'>quisquis</span> <span class='ocrx_word' id='word_1_405' title='bbox 473 4525 562 4588; x_wconf 88' lang='lat' dir='ltr'>volet</span> <span class='ocrx_word' id='word_1_406' title='bbox 587 4524 695 4606; x_wconf 91' lang='lat' dir='ltr'>inpias</span> <span class='ocrx_word' id='word_1_407' title='bbox 720 4523 847 4591; x_wconf 88' lang='lat' dir='ltr'>Caedes</span> <span class='ocrx_word' id='word_1_408' title='bbox 869 4532 902 4592; x_wconf 89' lang='lat' dir='ltr'>et</span> <span class='ocrx_word' id='word_1_409' title='bbox 924 4525 1048 4590; x_wconf 90' lang='lat' dir='ltr'>rabiem</span> <span class='ocrx_word' id='word_1_410' title='bbox 1071 4525 1188 4590; x_wconf 88' lang='lat' dir='ltr'>tollere</span> <span class='ocrx_word' id='word_1_411' title='bbox 1206 4527 1363 4604; x_wconf 73' lang='lat' dir='ltr'>civicam,</span> <span class='ocrx_word' id='word_1_412' title='bbox 1389 4525 1439 4606; x_wconf 90' lang='lat' dir='ltr'>Ill,</span> 
     </span>
     <span class='ocr_line' id='line_1_44' title="bbox 93 4611 1440 4695; baseline 0.002 -19"><span class='ocrx_word' id='word_1_413' title='bbox 93 4613 146 4689; x_wconf 80' lang='lat'>27,</span> <span class='ocrx_word' id='word_1_414' title='bbox 171 4613 213 4676; x_wconf 88' lang='grc'>63</span> <span class='ocrx_word' id='word_1_415' title='bbox 237 4629 304 4695; x_wconf 87' lang='lat' dir='ltr'>sq:</span> <span class='ocrx_word' id='word_1_416' title='bbox 329 4612 392 4675; x_wconf 91' lang='lat' dir='ltr'>nisi</span> <span class='ocrx_word' id='word_1_417' title='bbox 417 4611 496 4676; x_wconf 89' lang='lat' dir='ltr'>erile</span> <span class='ocrx_word' id='word_1_418' title='bbox 519 4612 623 4675; x_wconf 83' lang='lat' dir='ltr'>mavis</span> <span class='ocrx_word' id='word_1_419' title='bbox 648 4612 792 4694; x_wconf 80' lang='lat' dir='ltr'>Carpere</span> <span class='ocrx_word' id='word_1_420' title='bbox 817 4632 957 4695; x_wconf 89' lang='lat' dir='ltr'>pensum</span> <span class='ocrx_word' id='word_1_421' title='bbox 979 4612 1098 4689; x_wconf 88' lang='lat' dir='ltr'>Regius</span> <span class='ocrx_word' id='word_1_422' title='bbox 1122 4613 1254 4692; x_wconf 90' lang='lat' dir='ltr'>sanguis</span> <span class='ocrx_word' id='word_1_423' title='bbox 1272 4613 1440 4679; x_wconf 87' lang='lat' dir='ltr'>dominae-</span> 
     </span>
    </p>

    <p class='ocr_par' dir='ltr' id='par_1_5' title="bbox 93 4697 1247 4780">
     <span class='ocr_line' id='line_1_45' title="bbox 93 4697 1247 4780; baseline 0 -16"><span class='ocrx_word' id='word_1_424' title='bbox 93 4718 158 4780; x_wconf 90' lang='lat' dir='ltr'>que</span> <span class='ocrx_word' id='word_1_425' title='bbox 181 4699 267 4763; x_wconf 88' lang='lat' dir='ltr'>tradi</span> <span class='ocrx_word' id='word_1_426' title='bbox 289 4700 453 4763; x_wconf 87' lang='lat' dir='ltr'>Barbarae</span> <span class='ocrx_word' id='word_1_427' title='bbox 476 4699 611 4780; x_wconf 89' lang='lat' dir='ltr'>paelex;</span> <span class='ocrx_word' id='word_1_428' title='bbox 636 4697 688 4776; x_wconf 89' lang='lat' dir='ltr'>lV,</span> <span class='ocrx_word' id='word_1_429' title='bbox 715 4701 764 4778; x_wconf 88' lang='lat'>13,</span> <span class='ocrx_word' id='word_1_430' title='bbox 788 4703 826 4765; x_wconf 88' lang='lat'>3:</span> <span class='ocrx_word' id='word_1_431' title='bbox 850 4699 907 4762; x_wconf 89' lang='lat' dir='ltr'>Vis</span> <span class='ocrx_word' id='word_1_432' title='bbox 931 4698 1110 4763; x_wconf 87' lang='lat' dir='ltr'>formidosa</span> <span class='ocrx_word' id='word_1_433' title='bbox 1132 4700 1247 4764; x_wconf 87' lang='lat' dir='ltr'>videri.</span> 
     </span>
    </p>
   </div>
   <div class='ocr_carea' id='block_1_5' title="bbox 0 0 1611 5144">
    <p class='ocr_par' dir='ltr' id='par_1_6' title="bbox 0 0 1611 5144">
     <span class='ocr_line' id='line_1_46' title="bbox 0 0 1611 5144; baseline 0 0"><span class='ocrx_word' id='word_1_434' title='bbox 0 0 1611 5144; x_wconf 95' lang='lat' dir='ltr'> </span> 
     </span>
    </p>
   </div>
  </div>
 </body>
</html>
