3208 5144
149 1137 435 1248 denatura
471 1074 714 1245 ministri
749 1139 894 1274 atquc
931 1164 1027 1245 usu
1062 1136 1192 1272 apud
1224 1135 1489 1248 Horatium

216 1324 218 1326 ·
604 1278 857 1412 praecipue
892 1274 1060 1412 lyrico.

751 1467 812 1518 Pars
837 1466 914 1531 prior.

697 1606 854 1652 ,mmmm
864 1619 960 1636 m

258 1761 357 1826 Varia
380 1768 429 1826 est
451 1762 575 1826 indoles
597 1763 800 1844 populorum,
824 1761 906 1825 varii
929 1778 1048 1824 mores.
1072 1759 1225 1824 Nonnulli
1248 1769 1381 1844 captant
1405 1783 1500 1827 usum

152 1868 271 1927 rerum,
296 1849 350 1913 alii
383 1849 521 1913 tendunt
543 1850 584 1913 ad
606 1849 731 1931 altiora.
756 1849 794 1912 Et
817 1848 861 1912 illi
884 1861 1013 1912 omnem
1052 1847 1153 1911 vitam
1176 1849 1266 1914 inre
1289 1850 1419 1929 rustica,
1455 1850 1502 1914 lo·

152 1937 249 2014 rensi,
275 1937 447 2014 senatoria,
471 1935 585 2000 bellica
606 1942 780 2018 peragunt:
801 1936 834 1998 hi
857 1941 942 2000 artes
975 1935 1016 1998 ad
1050 1934 1231 1998 doctrinam
1260 1941 1291 2000 et
1321 1936 1502 2018 politiorem

151 2021 387 2088 humanitatem
409 2023 606 2104 pertinentes
629 2023 739 2087 colunt
772 2021 953 2104 foventque.
986 2021 1108 2098 Quodsi
1140 2023 1209 2086 eius
1232 2024 1357 2103 generis
1381 2024 1502 2108 populi,

153 2113 187 2174 id
210 2110 297 2192 quod
320 2128 416 2191 saepe
439 2109 483 2188 fit,
508 2111 592 2174 inter
613 2128 649 2174 se
671 2109 842 2174 conferunt
864 2127 965 2187 arma,
1000 2108 1069 2174 lieri
1103 2127 1169 2172 non
1200 2115 1316 2190 potest,
1349 2112 1428 2192 quin
1460 2129 1499 2175 ea

152 2217 228 2282 pars
251 2197 398 2275 exsultet,
422 2196 477 2261 ubi
499 2196 572 2268 plus
595 2197 637 2260 sit
659 2197 815 2260 audaciae
838 2197 880 2260 ad
903 2196 1046 2276 pericula
1073 2196 1282 2276 capessenda,
1315 2197 1399 2261 inter
1432 2197 1502 2278 ipsa

153 2284 297 2368 pericula
319 2283 391 2366 plus
414 2283 538 2347 consilii
562 2301 600 2347 ac
622 2284 759 2346 virtutis.
784 2283 875 2348 Hanc
898 2281 1062 2346 fortunam
1084 2281 1158 2345 belli
1181 2301 1256 2346 cum
1278 2284 1398 2348 multae
1421 2285 1500 2347 civi-

151 2379 246 2450 tates
270 2377 339 2434 tum
352 2371 491 2434 Romani
514 2376 546 2434 et
569 2371 682 2434 Graeci
705 2371 828 2452 experti
851 2376 943 2448 sunt;
968 2387 1167 2450 quamquam
1190 2369 1387 2434 Graecorum
1409 2372 1498 2451 inge-

152 2460 245 2524 niosa
268 2464 365 2539 atque
389 2457 484 2521 docta
506 2457 594 2521 natio
618 2457 721 2521 ferum
743 2458 900 2522 victorem
923 2456 1012 2520 brevi
1038 2461 1069 2519 et
1092 2455 1164 2536 ipsa
1186 2455 1220 2518 in
1253 2457 1417 2538 quandam
1450 2476 1502 2522 re-

151 2546 274 2627 recepit
297 2545 469 2608 dicionem.
493 2543 576 2607 Nam
591 2545 666 2608 inde
689 2543 730 2608 ab
753 2563 791 2608 eo
814 2549 960 2626 tempore
983 2562 1057 2606 cum
1081 2542 1127 2606 eis
1151 2561 1268 2622 magna
1308 2551 1392 2608 esset
1426 2564 1501 2608 cum

152 2632 308 2697 Romanis
331 2631 547 2695 communitas
581 2638 679 2712 atque
713 2632 850 2696 societas
885 2631 1031 2694 omnium
1065 2647 1184 2702 rerum,
1215 2649 1282 2694 non
1312 2632 1419 2695 solum
1454 2631 1500 2695 illi

151 2720 286 2802 quidem
302 2737 340 2782 ea
364 2736 448 2798 quae
471 2719 511 2782 ad
534 2719 654 2783 victum
700 2718 887 2800 cultumque
909 2716 1113 2799 pertinebant
1137 2716 1322 2782 avidissime
1347 2719 1497 2800 adripue-

152 2813 239 2886 runt,
279 2823 392 2870 verum
426 2805 524 2869 etiam
553 2805 687 2869 artificia
710 2805 897 2887 litterasque
931 2804 1053 2868 alienas
1077 2804 1110 2866 in
1141 2822 1237 2866 suum
1272 2804 1498 2870 transferenda

151 2893 387 2958 existimarunt.
404 2893 543 2956 Romani
558 2892 654 2972 igitur
669 2891 766 2956 libros
783 2893 980 2956 Graecorum
995 2889 1113 2954 Latine
1128 2896 1254 2955 vertere
1271 2898 1328 2956 aut
1343 2892 1500 2957 imitando

150 2980 342 3061 exprimere,
367 2996 387 3042 a
409 2977 543 3042 rudibus
566 2978 731 3060 principiis
753 2978 888 3060 protecti
910 2977 1065 3059 paulatim
1088 2977 1268 3042 orationem
1290 2978 1410 3058 lingere
1442 2998 1495 3043 ex·

152 3067 269 3150 polire:
294 3083 369 3129 nam
393 3066 494 3147 ipsius
517 3066 672 3130 orationis
694 3065 814 3128 multus
837 3066 923 3147 apud
945 3083 1001 3129 eos
1024 3083 1102 3127 usus
1125 3063 1159 3126 in
1176 3083 1211 3127 re
1226 3064 1500 3146 publicamagna-

150 3173 216 3236 que
238 3154 287 3216 vis
309 3154 343 3216 in
366 3153 455 3217 omni
478 3153 606 3233 negotio
630 3158 707 3217 erat.
736 3155 845 3236 ltaque
874 3157 1037 3216 oratorem
1068 3150 1120 3215 vel
1154 3150 1316 3216 eruditum
1354 3152 1502 3217 celeriter

147 3241 299 3321 conplexi
336 3246 429 3319 sunt,
454 3246 527 3321 post
549 3258 658 3304 rerum
681 3241 883 3338 scriptorem,
906 3239 961 3322 qui
984 3256 1036 3302 res
1059 3237 1146 3301 domi
1170 3243 1264 3302 natas
1297 3259 1363 3303 non
1396 3240 1500 3303 solum

153 3329 299 3392 oratione
321 3327 461 3408 pedestri
485 3332 734 3410 persequeretur
756 3327 813 3390 sed
837 3331 934 3391 etram
957 3325 1085 3406 optimis
1108 3325 1254 3389 versibus
1270 3333 1418 3404 caneret;
1443 3327 1499 3390 de-

155 3415 255 3492 nique
286 3414 371 3478 idem
406 3413 555 3477 omnibus
584 3413 707 3476 viribus
747 3414 782 3486 iu
824 3413 940 3478 ceteris
986 3430 1115 3494 quoque
1158 3413 1328 3491 generibus
1373 3413 1501 3478 dicendi

151 3501 371 3579 elaborarunt,
395 3519 478 3582 quae
500 3501 547 3564 eis
569 3501 676 3582 potius
709 3507 799 3580 grato
829 3518 867 3564 ac
898 3498 1039 3562 iucundo
1063 3506 1254 3564 ornamento
1288 3508 1391 3565 eraut.
1428 3499 1500 3577 Qua

152 3590 187 3652 in
225 3605 259 3650 re
297 3588 513 3652 verecundam
546 3587 591 3650 illi
621 3588 751 3669 quidem
781 3587 854 3650 tuiti
887 3591 962 3650 sunt
996 3586 1194 3649 Graecorum
1239 3587 1498 3666 similitudinem,

151 3673 329 3756 aliquando
353 3680 389 3737 ut
411 3675 451 3738 ad
474 3680 598 3738 certum
629 3675 722 3757 quasi
751 3693 829 3738 suae
860 3674 946 3737 vitae
979 3672 1185 3755 pervenirent
1223 3675 1368 3756 modum,
1400 3692 1499 3756 quae-

152 3781 218 3844 que
240 3760 442 3842 scripserunt
463 3779 502 3826 ea
524 3768 556 3826 et
578 3761 745 3826 sententiis
769 3769 801 3825 et
837 3760 945 3825 verbis
983 3765 1052 3822 tuta
1090 3759 1204 3823 Latina
1241 3780 1279 3825 ac
1318 3761 1498 3825 domestica

148 3867 223 3914 esse
246 3849 450 3926 viderentur3
474 3849 561 3929 quod
583 3849 617 3912 in
652 3849 755 3930 poetis
794 3848 936 3930 profiteri
965 3845 1058 3910 multi
1089 3853 1262 3926 propterea
1299 3847 1499 3924 dubitarunt,

151 3936 240 4020 quod
262 3935 306 3999 illi
329 3934 459 4016 quidem
483 3935 591 3999 divino
623 3936 764 4016 quodam
794 3936 908 4017 spiritu
942 3933 1052 3998 adtlati
1084 3951 1150 3996 non
1180 3934 1286 3998 solum
1318 3935 1498 3999 sententia-

151 4043 225 4087 rum
248 4022 390 4103 amplam
418 4022 640 4101 grandidatem
655 4023 896 4104 novitatemque
914 4020 1155 4103 quaesiverunt,
1172 4022 1399 4086 verumetiam
1422 4040 1509 4089 oran

150 4110 248 4173 tionis
272 4115 338 4173 tam
361 4108 543 4172 multifariis
566 4110 615 4172 usi
638 4115 714 4174 sunt
736 4110 944 4186 ornamentis
977 4113 1013 4170 ut
1048 4105 1099 4168 vel
1131 4124 1203 4170 eam
1236 4128 1319 4190 quae
1346 4116 1396 4173 est
1425 4127 1499 4172 ver-

153 4195 270 4260 borum
291 4197 521 4261 struendorum
555 4197 631 4260 trita
653 4197 854 4260 consuetudo
877 4196 982 4259 rarius
1008 4193 1140 4256 densius
1162 4194 1327 4261 abicerent
1350 4195 1500 4278 repudia-

150 4288 229 4347 tam.
252 4282 373 4348 Verum
395 4283 457 4347 hoc
479 4283 582 4363 ignari
604 4289 700 4364 atque
723 4283 830 4347 obtusi
852 4282 972 4362 ingenii
995 4285 1053 4348 est,
1089 4281 1243 4364 quidquid
1274 4283 1360 4362 apud
1384 4282 1499 4362 poetas

151 4369 285 4432 Latinos
308 4377 340 4434 et
362 4389 381 4434 a
404 4371 568 4435 communi
590 4371 823 4435 consuetudine
847 4367 1002 4433 orationis
1026 4365 1201 4432 abhorreat
1223 4376 1256 4433 et
1276 4372 1418 4432 Graecae
1443 4369 1502 4433 ad·

148 4456 255 4521 simile
278 4474 349 4521 esse
370 4458 528 4530 videatur,
552 4458 584 4521 id
608 4475 704 4521 omne
726 4475 745 4519 a
769 4457 907 4520 Graecis
923 4453 1111 4518 hominibus
1129 4456 1239 4519 ueluti
1262 4473 1283 4519 a
1305 4453 1384 4519 Iove
1408 4462 1501 4537 patre

151 4550 273 4608 temere
296 4550 457 4624 repetere:
482 4561 558 4607 nam
582 4543 634 4606 hic
657 4543 748 4606 utin
771 4561 805 4606 re
828 4560 946 4622 magna
968 4546 1060 4604 certa
1082 4539 1136 4602 via
1169 4559 1207 4605 ac
1243 4542 1369 4606 ratione
1400 4561 1500 4622 agen-

150 4629 229 4694 dum
251 4631 491 4712 videndumque
514 4637 563 4695 est
585 4629 810 4704 cummaxime,
836 4636 868 4693 et
891 4632 1049 4710 quantum
1096 4625 1244 4692 licentiae
1267 4646 1351 4708 quae
1381 4647 1499 4693 conce‘

22 4777 29 4792 ,
149 4717 238 4781 ditur
259 4718 364 4800 poetis
387 4719 520 4782 omnino
554 4715 704 4780 omnibus
738 4715 902 4792 debeatur,
938 4721 970 4778 et
1004 4713 1167 4792 quomodo
1200 4713 1414 4778 Hellenismus
1447 4714 1503 4792 qui
