3208 5144
97 277 118 347 6

93 503 135 548 ne
169 503 241 548 eam
278 501 375 566 quam
410 484 596 565 quaerimus
626 487 822 546 structuram
852 481 915 545 alia
946 479 1143 545 confundere
1177 479 1328 557 audeant,
1360 495 1448 558 quae

95 570 227 652 quidem
251 572 359 654 specie
381 589 478 652 saepe
500 576 550 635 est
571 568 681 633 vicina
699 588 734 634 re
768 569 940 650 plurimum
976 567 1124 631 dissidet:
1150 586 1235 644 narn,
1267 566 1294 629 si
1326 564 1447 628 dicitur

100 657 215 724 »iubeo
239 663 270 724 te
294 658 437 735 venire«,
461 657 618 738 premitur
640 655 802 721 obiectum
834 661 923 720 certa
954 656 1081 719 actione
1116 654 1300 730 definitum3
1335 651 1447 715 verbis

98 744 208 810 »iubes
232 751 364 827 pontem
388 743 544 809 rescindi«
572 743 656 807 actio
680 743 841 806 indicatur
862 749 950 806 certo
974 740 1118 806 subiecto
1141 740 1308 804 adornata.
1338 770 1342 776 ·

164 1037 212 1118 lle
239 1037 425 1118 infinitivo
454 1056 536 1115 eum
564 1035 768 1116 accusativo
795 1033 948 1115 subiecti
975 1032 1159 1113 coniuncto
1188 1037 1223 1112 et
1249 1033 1373 1114 uetans

668 1156 890 1256 quibusdam.
1019 1163 1020 1170 ‘

199 1369 238 1432 Et
262 1369 415 1450 quoniam
438 1368 472 1430 in
495 1386 569 1432 eum
592 1367 699 1431 locum
725 1370 916 1447 perventum
940 1370 997 1443 est,
1021 1384 1087 1429 non
1121 1366 1260 1430 alienum
1291 1387 1362 1433 esse
1394 1370 1445 1432 vi-

98 1457 194 1540 detur
214 1456 356 1521 breviter
378 1472 540 1534 enarrare,
564 1460 594 1519 et
629 1453 746 1535 quibus
782 1451 889 1517 verbis
924 1452 1117 1516 »infinitivus
1151 1472 1225 1517 oum
1259 1456 1448 1520 accusativo

72 1569 74 1575 ·
97 1542 250 1611 subiecti«
278 1561 298 1606 a
320 1542 441 1606 Latinis
464 1542 667 1621 adiungatur,
692 1548 724 1606 et
747 1539 850 1620 qualis
873 1539 915 1601 sit
937 1539 1032 1602 huius
1055 1546 1236 1605 structurae
1258 1560 1358 1608 causa
1380 1544 1445 1607 ori-

94 1635 209 1710 goque.
232 1631 338 1711 Atque
361 1628 462 1714 verba
483 1630 644 1710 permulta
676 1645 757 1704 esse,
782 1644 865 1706 quae
888 1628 930 1691 ad
954 1645 1028 1690 eum
1051 1627 1183 1691 modum
1207 1636 1442 1710 conponantur,

98 1722 133 1779 ut
156 1716 349 1780 infinitivum
373 1734 447 1779 eum
470 1716 656 1779 accusativo
680 1715 831 1778 comitem
854 1712 914 1776 sibi
944 1714 1135 1792 adsciscant,
1167 1733 1264 1779 nemo
1297 1717 1443 1798 prolecto

97 1809 155 1883 est,
181 1804 259 1884 quin
281 1803 407 1867 videat:
433 1821 510 1866 nam
533 1809 564 1866 et
586 1802 687 1867 verba
710 1801 871 1866 sentiendi
894 1819 933 1864 ac
956 1801 1140 1865 declarandi
1164 1821 1342 1884 eorumque
1364 1822 1439 1868 ver-

96 1889 212 1955 borum
235 1889 550 1970 circumscriptiones
573 1889 606 1952 in
631 1907 669 1954 eo
693 1906 829 1952 numero
853 1893 928 1972 sunt
959 1895 995 1950 ut
1031 1889 1149 1952 »video
1185 1890 1290 1960 audio,
1327 1892 1441 1971 sentio,

95 1984 183 2058 put0,
208 1997 312 2060 spero,
337 1977 419 2058 dico,
444 1976 589 2054 adfirmo,
613 1975 731 2054 scribe,
756 1975 878 2051 nuntio,
904 1975 1048 2056 adparet,
1073 1975 1184 2042 elucet.
1208 1984 1346 2055 constat,
1369 1997 1444 2059 per·

94 2064 242 2145 spicuum
266 2070 323 2141 est,
348 2064 529 2127 communis
553 2063 661 2144 opinio
684 2069 742 2136 est,
767 2061 861 2140 aliaq
885 2068 917 2126 et
939 2061 1038 2125 verba
1061 2061 1205 2127 adlectus
1222 2082 1305 2144 quae
1328 2065 1439 2128 dicun·

96 2157 147 2214 tur
170 2152 234 2215 huc
257 2150 425 2228 accedunt,
449 2157 528 2231 puta
555 2151 707 2230 »gaudeo
732 2148 843 2216 laetor.
876 2148 1002 2229 glorior.
1023 2168 1133 2237 angor,
1158 2148 1323 2231 sollicitor,
1347 2153 1442 2230 sim‹;

95 2245 128 2302 et
148 2239 249 2303 verba
272 2238 440 2302 auxiliaria
475 2256 614 2318 quorum
637 2254 735 2318 supra
758 2235 891 2300 lecimus
915 2236 1123 2315 mentionem,
1147 2256 1221 2301 curn
1237 2239 1330 2318 plene
1346 2259 1441 2302 usur-

93 2331 212 2406 pantur
235 2377 241 2405 ,
266 2325 380 2390 eodem
402 2324 531 2388 vinculo
554 2325 716 2388 societatis
738 2323 951 2388 continentur.
976 2323 1066 2386 Unde
1081 2330 1178 2404 patet,
1195 2325 1274 2388 nihil
1308 2327 1443 2391 omnino

91 2413 122 2475 h.
147 2412 167 2476 l.
190 2412 356 2492 interesse,
379 2417 488 2475 utrum
503 2410 603 2475 verba
618 2411 724 2475 activa
739 2411 804 2473 sint
818 2428 860 2472 an
875 2411 1013 2492 passiva,
1025 2411 1112 2491 quod
1127 2415 1179 2476 vel
1189 2413 1328 2477 maxime
1349 2415 1443 2493 inpe-

94 2498 237 2563 dimento
260 2507 318 2578 est,
343 2499 515 2579 quominus
550 2498 624 2562 huic
659 2505 841 2561 structurae
876 2497 1136 2578 adpropinquare
1166 2501 1270 2580 possis
1303 2501 1438 2564 ratione.

93 2585 207 2666 Neque
230 2591 339 2649 tamen
362 2585 598 2666 desperandum
622 2591 671 2650 est
694 2584 733 2648 de
756 2584 967 2665 explicatione
991 2585 1086 2647 huius
1107 2582 1165 2664 rei,
1189 2605 1273 2665 quae
1295 2586 1374 2650 nihil
1389 2587 1438 2649 vi-

97 2673 213 2736 deatur
235 2679 362 2753 praeter
385 2673 546 2736 sincerum
569 2672 793 2752 integrumqne
816 2672 970 2735 iudicium
994 2672 1176 2752 requirere:
1201 2680 1287 2737 certe
1302 2673 1349 2736 uti
1365 2693 1441 2756 pos-

93 2759 138 2822 sis
161 2760 304 2822 virorum
340 2759 508 2822 doctorum
540 2759 742 2836 auctoritate,
778 2759 833 2838 qui
857 2759 1001 2823 omnium
1024 2760 1208 2840 quicunque
1243 2762 1442 2840 scripserunt

94 2847 145 2910 vel
168 2847 266 2910 locuti
290 2851 365 2908 sunt
388 2847 427 2910 de
451 2845 547 2909 rebus
570 2845 786 2925 grammaticis
810 2847 1001 2910 exstiterunt
1024 2853 1056 2910 et
1087 2847 1263 2911 subtilitate
1297 2854 1329 2911 et
1362 2867 1438 2911 sua·

93 2934 193 2998 vitate
216 2933 394 2997 disserendi
417 2933 509 2996 facile
533 2933 703 3014 principes,
728 2934 754 2995 si
785 2933 921 3014 passivis
956 2952 1085 3013 quoque
1114 2934 1302 3014 neutrisque
1333 2935 1444 2999 verbis

94 3020 230 3101 proferri
253 3019 487 3084 adtributiones
510 3021 670 3097 statueris,
696 3038 779 3101 quae
802 3020 922 3100 aliquid
947 3020 1064 3084 obiecti
1086 3022 1187 3084 intas
1219 3021 1311 3100 quasi
1342 3023 1442 3086 clavi·

94 3107 175 3170 culis
199 3106 357 3188 conplecti
392 3115 490 3187 atque
513 3108 753 3172 circumvestire
777 3105 955 3190 debeant¹).
980 3107 1063 3169 Nam
1087 3108 1222 3170 istarum
1246 3108 1438 3172 adtributio-

95 3212 174 3257 num
198 3211 273 3257 cum
296 3193 459 3258 obiectum
482 3200 608 3258 constet
654 3195 780 3258 actione
819 3194 861 3258 ad
884 3194 1014 3274 aliquod
1049 3193 1230 3258 subiectum
1263 3196 1447 3276 pertinente

96 3281 161 3344 iam
200 3287 372 3360 utrumque
395 3280 589 3362 intellegitur
611 3280 792 3346 libertatem
815 3299 880 3362 qua
903 3282 1195 3347 utatursententia
1218 3282 1321 3346 solute
1356 3283 1442 3345 dicta

96 3367 246 3432 amittere
270 3367 396 3446 debere,
421 3375 453 3432 et
476 3367 657 3432 subiectum
680 3386 758 3432 casu
788 3370 973 3432 accusativo
1007 3369 1179 3448 significari
1203 3407 1241 3414 -—
1267 3369 1365 3434 ceteri
1388 3388 1444 3433 ca-

96 3474 151 3517 sus
176 3454 336 3519 sustinent
368 3461 475 3536 partes
512 3455 749 3534 adtributionis,
794 3455 997 3526 definitionis,
1031 3456 1230 3521 condicionis
1263 3457 1445 3535 nominum,

96 3541 271 3606 verborum
294 3577 333 3586 —
358 3547 392 3606 et
413 3543 573 3606 actionem
597 3541 747 3606 omnibus
771 3539 942 3622 quae'sint
963 3543 1076 3622 integri
1109 3543 1245 3607 subiecti
1277 3545 1442 3608 relationi-

95 3627 156 3690 bus
180 3629 338 3709 scparatis
362 3627 468 3708 effingi
491 3629 659 3708 infinitivo,
683 3648 766 3709 quae
796 3629 886 3693 verbi
920 3629 1023 3694 forma
1055 3631 1147 3710 quasi
1181 3631 1312 3695 fluidam
1346 3631 1445 3694 habet

96 3715 274 3793 notionem,
299 3721 335 3778 ut
356 3715 408 3779 vel
430 3734 566 3779 casuum
589 3716 691 3798 possit
714 3717 855 3796 quodam
878 3718 975 3781 modo
998 3718 1085 3781 coire
1107 3717 1316 3782 adfinitatem.
1349 3716 1444 3792 Quod

95 3821 170 3865 cum
194 3802 259 3879 fiat,
283 3803 465 3867 redundare
488 3808 597 3867 tamen
621 3804 654 3865 in
677 3803 834 3867 infinitivo
857 3804 1003 3866 nonnihil
1019 3807 1186 3886 potestatis
1203 3805 1244 3869 ad
1262 3804 1443 3868 subiectum

97 3889 244 3966 vocandi,
271 3907 369 3969 quarn
393 3890 471 3953 artis
494 3891 666 3971 scriptores
690 3891 824 3971 copulae
856 3890 1009 3970 tribuant,
1033 3892 1103 3973 ipsa
1125 3891 1273 3973 exempla
1305 3892 1445 3966 docent;

97 3993 183 4055 narn,
211 3976 237 4038 si
261 3976 378 4040 dicitur
404 3977 515 4041 »video
539 3977 674 4057 legere«,
692 3978 802 4041 statim
824 3978 990 4058 quaeritur
1013 3979 1052 4043 de
1075 3998 1124 4061 ec,
1149 3997 1244 4078 quern
1267 3978 1372 4058 legere
1395 3980 1443 4040 vi-

99 4063 186 4138 deas,
212 4062 258 4125 uti
281 4063 404 4126 nudum
428 4083 534 4144 quoqe
562 4065 701 4144 »legere«
728 4065 797 4128 eius
821 4084 881 4128 nos
913 4066 1075 4145 admonet,
1109 4086 1163 4147 qur
1195 4065 1298 4145 legere
1332 4065 1447 4147 possit,

98 4149 174 4213 velit
196 4149 249 4214 vel
273 4149 406 4228 debeat;
432 4153 518 4230 quod
542 4153 671 4232 quidem
695 4152 746 4216 vel
777 4154 919 4216 maximo
950 4154 1143 4218 documento
1174 4160 1223 4215 est
1251 4152 1446 4215 infinitivum

198 4441 220 4506 ¹)
241 4441 429 4510 Schoemann,
448 4443 538 4498 Lehre
557 4461 614 4498 von
635 4445 690 4497 den
710 4417 831 4498 Redeth.
851 4461 878 4513 p.
890 4445 923 4498 46
942 4444 979 4514 ff.;
999 4443 1038 4506 id.
1057 4444 1154 4500 latnh.
1174 4443 1192 4498 f.
1204 4443 1284 4500 class.
1303 4443 1445 4509 Philolog.

93 4509 283 4635 {ffloekgif'
305 4514 372 4568 toea
390 4531 418 4582 p.
437 4514 631 4587 2183Jacobs,
657 4513 773 4569 Mlitzels
801 4513 932 4569 Zeitschr
962 4518 979 4567 l'.
1008 4515 1032 4568 d.
1061 4513 1197 4582 Gymnas.
1225 4515 1329 4570 Wesen
1356 4517 1372 4567 l.
1392 4516 1448 4580 3p

171 4597 215 4636 ,υ
270 4625 276 4637 ,
