3208 5144
96 359 119 436 8

95 569 228 652 profecti
252 574 328 632 sunt
358 569 477 649 quique
512 569 667 633 maiorem
699 569 939 649 significationis
970 568 1189 633 diversitatem
1221 565 1442 644 continebant,

96 674 194 737 quam
218 673 301 737 quae
324 655 438 720 eadem
461 655 564 720 forma
586 656 722 720 indicari
745 662 864 737 posset,
888 655 1116 736 confugiebant
1139 655 1253 733 Latini,
1286 653 1342 716 ubi
1364 653 1444 735 ipsis

96 744 227 808 nomine
249 743 373 807 verbali
396 761 477 824 opus
501 749 579 821 erat,
603 743 644 806 ad
667 743 858 822 gerundium
882 743 994 824 (etiam
1017 747 1088 824 post
1112 741 1367 824 praepositiones
1391 758 1447 803 ac·

96 829 278 895 cusativum
301 828 535 913 exposcentes),
560 829 647 910 quod
670 830 746 893 auia
769 828 816 913 (in
839 830 912 909 ling.
936 831 1016 893 slav.
1029 828 1192 905 nullst,
1216 827 1314 906 andja
1335 827 1446 892 termi-

95 917 228 982 natione
251 916 425 980 formatum
448 917 490 980 ad
513 917 578 979 vim
601 916 777 981 verborum
807 916 1042 980 substantivam
1073 914 1280 994 accedebat¹)
1315 914 1443 978 omnia·

99 1023 182 1085 quae
207 1004 300 1084 quasi
323 1009 484 1068 tormenta
508 1004 731 1068 declinationis
753 1003 905 1086 perfacile
928 1003 1066 1068 subibat.
1090 1002 1183 1080 Quod
1214 1002 1344 1083 quidem
1366 1019 1446 1065 eave

98 1093 144 1156 ita
167 1091 287 1154 dictum
310 1097 413 1172 putes,
438 1091 531 1170 quasi
551 1092 751 1170 gerundium,
783 1092 818 1154 in
850 1109 914 1171 quo
948 1091 1027 1154 nihil
1072 1090 1230 1172 principio
1275 1087 1444 1166 referebat,

96 1186 205 1242 utrum
228 1178 389 1242 actionem
413 1195 454 1241 an
485 1178 670 1259 passionem
704 1177 922 1261 declararer),
957 1178 1054 1242 modo
1085 1178 1241 1242 vicarium
1274 1176 1447 1240 succedere

93 1264 251 1329 infinitivo
275 1283 380 1345 neque
402 1265 436 1327 in
458 1262 552 1329 bonis
575 1264 721 1328 habitare
744 1266 796 1328 vel
809 1265 942 1329 haerere
958 1265 1024 1328 suis
1047 1265 1094 1328 uti
1118 1266 1209 1328 aiunt
1232 1263 1444 1339 arbitremur,

97 1353 194 1434 quod,
231 1353 258 1414 si
280 1370 394 1416 verum
418 1352 593 1431 quaeritur,
618 1358 732 1415 contra
754 1357 811 1416 est
836 1351 985 1432 Namque
1007 1352 1198 1431 gerundium
1221 1351 1291 1432 ipsa
1325 1356 1443 1413 natura

96 1457 218 1504 nomen
240 1438 370 1502 verbale
393 1438 515 1501 factum
538 1444 596 1514 est,
620 1438 796 1502 infinitivus
819 1440 911 1503 cuius
934 1440 983 1502 vis
1005 1439 1210 1502 substantiva
1242 1437 1328 1520 apud
1358 1436 1445 1499 Lati-

99 1545 159 1590 nos
183 1526 288 1589 omnis
312 1525 371 1588 luit
394 1524 510 1588 obruta
532 1524 693 1590 oblivione
716 1526 939 1607 progrediente
963 1526 1092 1590 demum
1126 1531 1242 1604 aetate,
1275 1529 1448 1606 postquam

94 1614 243 1677 notiones
266 1612 336 1676 sola
359 1617 467 1676 mente
491 1612 713 1694 percipiendas
737 1613 781 1676 illi
804 1613 935 1693 quidem
966 1612 1116 1693 effingere
1151 1612 1342 1690 didicerunt,
1368 1629 1447 1676 oon-

94 1705 225 1764 secutus
249 1705 299 1763 est
321 1699 417 1763 certis
440 1698 569 1762 casibus
593 1717 665 1764 eam
691 1718 790 1780 quam
814 1701 1000 1780 quaerimus
1023 1706 1227 1780 potestatem.
1251 1699 1394 1777 Accedit,
1413 1705 1450 1760 ut

96 1788 213 1868 supina
236 1805 365 1866 quoque
389 1785 569 1850 adsimilem
593 1787 752 1851 rationem
775 1787 918 1852 habeant
947 1787 988 1851 ad
1020 1781 1213 1850 infinitivum
1252 1787 1299 1849 uti
1333 1804 1450 1865 gerun-

96 1875 195 1952 dium,
221 1892 359 1954 quorum
383 1873 460 1935 illud
485 1874 570 1954 quod
594 1875 628 1937 in
651 1882 733 1938 tum
757 1875 844 1938 cadit
866 1875 1006 1955 speciem
1038 1875 1171 1955 praebet
1204 1874 1345 1939 nominis
1376 1891 1449 1936 ver-

97 1961 177 2026 balis
200 1961 234 2023 in
258 1961 443 2029 accusativo
467 1961 572 2040 positi,
598 1963 651 2042 qui
675 1980 765 2025 more
787 1967 915 2026 vetusto
939 1961 981 2024 ad
1003 1961 1248 2039 significandum
1272 1961 1370 2024 finem
1380 1960 1450 2023 sine

97 2049 336 2130 praepositione
359 2052 431 2128 post
454 2049 555 2111 verba
578 2049 675 2112 eundi
700 2068 760 2112 usu
783 2050 889 2127 venit3
915 2049 1052 2113 alterum
1076 2049 1109 2111 in
1132 2057 1175 2112 tu
1198 2049 1324 2126 desinit,
1358 2053 1448 2111 tenet

97 2142 205 2218 partes
228 2134 317 2198 haud
341 2133 436 2198 dubie
452 2135 590 2212 locativi,
604 2137 659 2215 qui
683 2136 827 2199 dativum
850 2141 948 2216 atque
972 2134 1147 2199 ablativum
1171 2135 1312 2216 quodam
1348 2134 1447 2197 modo

97 2223 277 2301 coniungit,
297 2222 435 2302 denique
458 2222 554 2286 certis
578 2223 763 2286 nominibus
787 2223 954 2286 adieetivis
977 2241 1061 2302 quae
1084 2229 1199 2302 egeant
1225 2222 1451 2303 conplemento

98 2308 301 2388 snbiungitur
324 2314 527 2389 aptaturque.
554 2309 644 2374 llnde
667 2309 827 2392 perfacilis
851 2310 1039 2374 coniectura
1062 2315 1119 2387 est,
1145 2310 1275 2374 Latinos
1299 2310 1332 2372 in
1364 2308 1451 2388 supi-

98 2397 148 2458 nis
171 2396 291 2459 diutius
314 2397 380 2460 vim
402 2395 639 2460 substantivam
664 2402 793 2460 secutos
817 2415 888 2461 esse
912 2415 1008 2477 quam
1034 2396 1114 2459 ulios
1137 2396 1294 2472 homines,
1311 2414 1451 2476 quorum

98 2483 262 2558 nonnullis
285 2482 366 2546 haec
389 2483 459 2563 ipsa
482 2482 524 2546 ad
547 2483 613 2545 vim
637 2483 753 2547 infiniti
782 2483 874 2547 verbi
905 2483 1084 2564 deprimere
1116 2484 1276 2565 placuisse
1308 2483 1454 2563 ipsorum

97 2571 205 2649 lingua
227 2570 347 2650 optime
369 2569 563 2652 docentum).
590 2569 659 2633 lam
682 2571 914 2651 praetermitto,
938 2571 1089 2651 supinum
1113 2572 1147 2633 iu
1181 2576 1265 2634 tum
1301 2569 1452 2633 desinens

97 2657 148 2720 ad
172 2657 333 2720 actionem
357 2657 390 2718 in
414 2661 457 2719 tu
480 2656 522 2720 ad
545 2658 730 2738 passionem
753 2658 922 2738 pertinere,
937 2675 1011 2720 cum
1034 2663 1209 2738 utrumque
1232 2658 1294 2722 hoc
1312 2675 1332 2720 a
1347 2657 1453 2738 primo

99 2763 156 2827 per
179 2744 316 2808 eandem
340 2743 477 2808 formam
501 2743 597 2809 fuerit
618 2745 754 2808 mixtum
787 2752 884 2825 atque
915 2745 949 2807 in
980 2763 1082 2808 unum
1113 2745 1327 2826 conpositum,
1371 2743 1448 2824 quia

99 2831 217 2894 hocin
247 2837 360 2912 aperto
390 2831 533 2912 satisque
566 2831 759 2895 manifesum
791 2838 857 2896 est:
891 2831 1113 2896 adnotandum
1145 2833 1281 2909 videtur,
1316 2830 1446 2893 Latinos

93 2918 191 2982 etiam
214 2917 338 2997 longius
350 2919 537 3016 progressos
549 2937 671 2981 novum
683 2932 783 2998 genus
797 2921 949 2983 substant
950 2919 1039 2981 ivi
1009 2924 1060 2981 s
1040 2921 1170 2997 at,uisse
1188 2919 1260 2983 dico
1283 2923 1454 2982 concretae

96 3005 143 3067 uti
167 3005 258 3068 aiunt
279 3005 421 3068 notionis
457 3004 550 3070 Certe
574 3005 704 3070 Persius
729 3005 822 3069 nobis
839 3006 930 3070 adest
918 3006 1011 3085 t,qui
1029 3005 1106 3068 dicit
1126 3007 1204 3070 »hoc
1220 3006 1324 3069 ridere
1340 3022 1449 3068 meum

94 3092 185 3155 nulla
207 3092 264 3155 tibi
287 3092 393 3156 vendo
416 3092 565 3169 lliadel‚
594 3092 686 3166 122«,
712 3100 744 3156 et
732 3092 821 3156 talii
844 3093 992 3157 nonnulli
1015 3091 1129 3157 eodem
1152 3093 1258 3157 modu.
1284 3091 1347 3156 Sed
1369 3091 1449 3154 baec

94 3180 180 3260 apud
203 3179 375 3260 scriptores
399 3179 564 3260 pedestres
588 3198 654 3242 non
677 3180 808 3273 legunt
787 3199 836 3242 nr.

199 3265 302 3330 Venio
325 3267 367 3330 ad
391 3265 504 3329 infinit
483 3273 595 3344 tivum,
620 3267 653 3328 in
677 3285 741 3347 quo
765 3285 892 3330 summa
915 3266 1024 3347 inopia
1048 3271 1231 3329 structurae
1256 3270 1420 3347 conparet.

414 3558 462 3639 De
489 3561 677 3641 infinitivo
704 3560 874 3640 historico
903 3565 937 3640 et
965 3561 1137 3641 absoluto.

204 3767 310 3848 Atque
334 3768 529 3832 infinitivum
552 3768 750 3834 historicum.
777 3787 873 3850 quem
903 3769 934 3832 h.
968 3769 987 3833 l.
1019 3768 1167 3834 absoluto
1206 3769 1453 3852 praevertimus,

98 3853 326 3934 pervulgatum
350 3861 399 3920 est
421 3875 549 3938 semper
572 3873 647 3919 eum
670 3855 871 3921 nominativo
895 3857 1052 3939 subpositi
1076 3858 1227 3938 coniungi
1250 3862 1283 3922 et
1305 3857 1338 3919 in
1355 3874 1459 3920 enun-

101 3941 292 4005 tiationibus
314 3943 475 4024 primariis
499 3981 542 3988 —-
564 3961 800 4023 nonnunquam
823 3943 921 4007 etiam
944 3946 1174 4028 secundariis)
1197 3981 1241 3989 —
1264 3943 1384 4024 ubique
1401 3942 1458 4006 de-

101 4028 269 4108 prehendi,
293 4030 349 4093 ubi
382 4048 402 4096 a
435 4029 599 4094 narrando
631 4030 672 4094 ad
706 4030 903 4113 pingendum
936 4037 1130 4110 transeatur,
1161 4033 1228 4094 sive
1260 4031 1312 4094 ille
1345 4036 1455 4093 motus

102 4115 145 4176 sit
168 4115 277 4196 animi,
301 4117 369 4180 sive
392 4125 499 4181 certus
522 4124 626 4181 status
649 4136 767 4195 rerum,
792 4118 846 4198 qui
869 4118 929 4182 sub
953 4120 1055 4183 oculis
1078 4125 1226 4202 ponatur,
1260 4117 1347 4197 quod
1384 4117 1457 4198 qui-

202 4391 332 4464 ¹y,)Joll
352 4392 573 4447 Gesebiohted
593 4392 913 4461 lnftnitivsp.198sq

206 4411 987 4532 ²)Oic.yfin.V15'fitanatifacrqussrrmus,qtute
1006 4461 1112 4531 agendi
1130 4462 1248 4530 aliquid
1267 4468 1296 4518 et
1316 4461 1460 4531 diligendi

94 4530 211 4598 aliquos
230 4539 259 4587 et
280 4532 452 4588 referendae
473 4532 585 4601 gratiae
605 4533 752 4602 principia
771 4535 800 4586 in
820 4507 902 4588 nobi’s
921 4532 1151 4602 contineremus,
1180 4533 1242 4591 Cat.
1261 4538 1287 4605 4,
1306 4537 1331 4606 3,
1350 4537 1366 4588 6
1399 4549 1459 4586 ma·
1513 4592 1516 4597 ,

94 4601 156 4654 lum
177 4601 308 4670 opprimi
328 4608 388 4658 sust
390 4609 437 4657 ent
377 4603 513 4657 ttando
533 4619 565 4656 ao
584 4604 759 4673 prolatando
779 4603 857 4657 nullo
877 4609 961 4674 pacto
980 4608 1083 4670 potest.

199 4673 222 4740 ⁸)
242 4673 454 4743 Jolly,Gesci1
475 4675 500 4730 d
521 4673 599 4728 lnfin.
620 4689 648 4742 p
669 4675 719 4727 201
739 4689 780 4740 sq.
