3208 5144
85 317 110 381 4

88 520 205 584 dicitur
226 523 283 580 aut
304 516 416 582 inferri
437 517 578 598 potuerit
599 522 656 580 aut
679 517 803 597 longius
826 537 959 584 manare
982 521 1112 585 inlatus
1138 520 1197 584 Cui
1220 522 1350 601 negotio
1372 522 1434 586 ho-

86 607 190 672 mines
213 604 325 669 doctos
348 603 492 686 profecto
515 603 560 666 ita
583 623 686 685 nuper
707 607 910 686 prospexisse
932 608 1037 687 video,
1061 614 1097 672 ut
1119 625 1200 688 quae
1224 607 1278 670 diu
1309 610 1437 672 occulta

87 701 118 758 et
141 693 233 776 quasi
256 691 401 755 involuta
424 695 533 754 essent
555 708 594 755 ea
616 691 792 754 maximam
814 699 940 774 partem
963 695 1459 776 11111θ111θ111111θ1111θ1111θ1Δ

85 800 136 845 res
160 781 207 844 uti
230 779 322 842 aiunt
344 778 385 842 ad
408 777 595 841 umbilicum
618 778 659 841 ab
683 778 730 842 eis
752 781 967 860 perducerent
968 800 1015 845 ur
1050 782 1156 846 Veluti
1190 781 1230 846 de
1265 781 1354 844 inlini
1357 783 1436 862 t,ivo

86 869 127 932 ad
152 886 247 949 quem
270 864 418 928 homines
441 864 528 928 docti
552 864 782 929 Hellenismum
805 867 857 932 vel
881 869 1020 933 maxime
1044 888 1101 950 per
1103 870 1204 935 tinere
1237 874 1333 933 antea
1368 877 1436 933 sa·t

85 960 225 1032 tuerunt,
249 953 347 1016 etiam
370 958 443 1032 post
466 951 594 1034 disputa
595 953 709 1031 tioneS,
733 971 813 1034 quas
837 955 980 1019 sexcenti
956 955 1150 1021 thomines
1174 956 1257 1020 doct
1236 961 1259 1018 11
1274 957 1435 1040 perscrip'-

85 1048 205 1117 serunt,
231 1039 412 1118 diligentius
435 1039 547 1120 quaeri
570 1044 685 1119 potest,
710 1057 794 1120 quae
817 1041 924 1124 spatia
946 1061 985 1106 ac
1007 1043 1167 1107 curricula
1190 1043 1305 1123 singuli
1317 1045 1433 1123 poetae

85 1127 316 1205 adamaverint,
340 1131 375 1190 ut
362 1126 449 1190 thic
472 1125 536 1188 illic
559 1125 600 1188 ab
622 1123 684 1188 illis
714 1127 843 1208 quidem
867 1127 989 1194 omissa
1012 1130 1103 1210 quasi
1126 1130 1325 1222 racemando
1350 1149 1431 1194 con·

87 1218 240 1295 ligantur.
279 1211 396 1295 Itaque
419 1233 494 1276 cum
518 1213 599 1275 mibi
623 1231 661 1276 ea
685 1213 777 1294 quasi
811 1215 977 1295 provincia
1011 1217 1181 1294 evenisset,
1219 1224 1255 1280 ut
1278 1217 1432 1290 indicem,

87 1322 180 1384 quem
214 1307 287 1365 nost
289 1301 316 1363 ri
276 1301 416 1365 tludi
449 1299 565 1380 magist
566 1299 594 1362 ri
553 1299 689 1365 thoc
720 1319 807 1364 anno
839 1310 933 1365 erant
920 1303 1031 1366 tedit
1019 1304 1091 1381 turi,
1125 1305 1234 1387 aliquo
1267 1322 1435 1368 commen-

89 1390 204 1454 tariolo
237 1393 329 1488 praet
330 1407 469 1456 exeram.
501 1404 695 1468 magnopere
719 1387 817 1452 laetat
770 1393 856 1451 tatus
887 1407 969 1468 sum,
1005 1389 1110 1454 locum
1141 1391 1219 1454 mihi
1243 1391 1298 1454 dat
1286 1398 1355 1454 tum
1397 1391 1439 1455 de

87 1497 148 1540 usu
171 1476 283 1540 infinit
262 1475 319 1540 1111
342 1476 428 1557 apud
451 1474 561 1539 Horat‘
540 1479 620 1538 tium
644 1475 785 1539 maxime
809 1474 909 1574 lyrico
933 1476 1120 1555 disserendi,
1152 1484 1247 1559 propt
1248 1497 1324 1542 erea
1348 1478 1434 1558 quod

87 1565 141 1646 qui
131 1563 239 1646 rhuic
262 1563 308 1626 rei
331 1580 443 1626 curam
466 1563 672 1642 admovisset,
651 1569 738 1626 tne
775 1563 909 1626 omnino
944 1581 1076 1644 operam
1115 1564 1286 1646 oleumque
1320 1565 1434 1646 perde-

173 1651 260 1712 -si
292 1650 369 1748 quid
399 1649 556 1714 video—
583 1669 648 1714 non
686 1654 754 1714 erat
791 1650 979 1714 verendum.
1018 1649 1076 1715 Cet
1064 1657 1169 1716 terum
1208 1671 1271 1732 quo
1311 1651 1438 1715 facilius

85 1657 178 1803 aeine
201 1737 356 1819 inpetrari
390 1742 508 1819 posset,
526 1736 619 1818 quod
642 1735 805 1818 professus
828 1755 910 1815 sum,
944 1737 1083 1818 primum
1119 1739 1190 1820 ipsa
1220 1739 1327 1820 capita
1360 1757 1429 1820 per·

85 1825 244 1890 currenda
277 1825 383 1888 visum
418 1832 467 1888 est
490 1825 560 1889 eius
584 1824 758 1902 doctrinae,
784 1842 867 1905 quae
894 1825 1095 1888 cotidianum
1130 1845 1226 1889 usum
1259 1825 1435 1908 amplecte-

85 1921 182 1991 retur,
206 1918 275 1975 tum
297 1911 425 1992 proprie
447 1911 481 1974 in
503 1913 574 1992 ipso
597 1910 729 1975 Horatio
753 1910 1087 1992 circumspiciendum.

85 2225 133 2304 De
160 2245 228 2304 usu
256 2223 523 2324 simplicissimo
551 2221 734 2302 1111111111
762 2223 856 2322 apud
883 2223 1070 2323 scriptores
1097 2225 1234 2304 solutae
1248 2224 1433 2304 orationis.

189 2433 297 2513 Atque
319 2437 355 2495 ut
376 2432 452 2496 inde
474 2432 636 2512 incipiam.
661 2431 747 2496 unde
770 2431 851 2495 haec
873 2436 942 2495 tota
964 2449 1064 2495 causa
1086 2437 1163 2513 apta
1184 2432 1311 2512 pendet.
1329 2432 1434 2496 homi-

85 2519 179 2583 nibus
204 2519 324 2582 Latinis
348 2517 413 2582 fere
436 2517 596 2584 effluxisse
620 2520 746 2582 videtur
768 2519 960 2598 recordatio,
985 2519 1177 2583 infinitivum
1200 2519 1357 2600 principio
1374 2538 1435 2583 no-

85 2603 312 2672 meu'verbale
335 2603 443 2683 fuisse,
468 2605 555 2684 quod
579 2604 805 2669 innumerabili
827 2606 910 2669 serie
933 2624 1094 2669 annorum
1110 2606 1333 2686 extorpuisset;
1357 2607 1435 2671 inde

85 2696 154 2758 sine
178 2693 275 2758 dubio
299 2691 500 2767 factumest,
525 2698 560 2754 ut
583 2695 652 2756 eius
677 2711 770 2755 usum
793 2693 1007 2772 syntacticum
1030 2695 1131 2757 multo
1156 2692 1256 2772 magis
1289 2693 1426 2774 amplifi·

87 2786 199 2845 carent
221 2786 318 2861 atque
340 2779 550 2843 inlustrarent
572 2779 689 2858 figuris,
714 2797 811 2860 quam
834 2779 888 2843 alii
910 2778 1068 2853 homines,
1104 2798 1242 2862 quorum
1277 2781 1430 2844 notitiam

86 2869 146 2930 viri
170 2867 255 2931 docti
278 2866 489 2930 tradiderunt,
515 2867 612 2930 Cuius
636 2867 682 2931 rei
705 2865 916 2930 fundamenta
938 2865 1081 2948 proiecto
1103 2869 1148 2931 ita
1182 2872 1372 2949 posuerunt,
1396 2875 1432 2930 ut

87 2955 281 3028 infinitivum
304 2953 345 3016 ad
367 2953 457 3017 verbi
491 2954 657 3018 notionem
689 2953 895 3018 traducerent
929 2954 1062 3035 eiusque
1098 2955 1238 3018 notionis
1270 2973 1433 3018 summam

87 3043 265 3125 cogitarent
284 3041 437 3121 temporis
460 3040 577 3104 finibus
600 3041 885 3121 circumscriptam.
909 3040 992 3104 Nam
1016 3061 1090 3104 cum
1113 3047 1237 3106 ceteras
1254 3041 1431 3105 distinctio·

87 3147 143 3192 nes
168 3147 252 3209 quae
275 3134 351 3190 sunt
374 3145 531 3208 personae
554 3129 681 3192 numeri
711 3127 798 3190 modi
834 3128 867 3190 in
899 3128 1057 3191 infinitivo
1090 3127 1314 3208 neglexissent,
1351 3129 1437 3192 adeo

87 3215 138 3279 ille
162 3215 346 3279 debilitatus
369 3220 466 3295 atque
489 3214 669 3278 infirmatus
701 3214 742 3278 ab
777 3214 822 3278 eis
857 3221 915 3293 est,
949 3220 985 3277 ut
1015 3215 1080 3277 iam
1112 3233 1172 3280 nec
1206 3215 1273 3277 suis
1308 3215 1432 3278 viribus

87 3311 173 3366 stare
197 3319 300 3382 neque
322 3307 432 3382 posset
454 3302 574 3365 auxilia
596 3301 677 3364 alius
693 3301 783 3364 verbi
799 3320 961 3383 respueret
980 3300 1161 3365 Adfuerunt
1176 3306 1286 3366 autem
1301 3307 1433 3383 praesto

86 3389 188 3452 multa
208 3387 317 3456 verba,
341 3405 425 3468 quae
448 3407 521 3451 cum
544 3389 614 3452 illas
637 3405 717 3470 quas
741 3388 879 3487 diximus
902 3409 998 3470 nupq
988 3387 1128 3472 μφάσεις
1151 3394 1337 3470 certamque
1362 3387 1428 3452 lor-

87 3495 174 3540 mam
199 3475 335 3539 actionis
359 3474 599 3555 adumbrarent,
578 3480 763 3557 qtuaeet
784 3476 854 3557 ipsa
876 3476 963 3557 quod
986 3476 1200 3540 circumdaret
1188 3482 1428 3557 tmagnopere

87 3562 279 3660 requirebat
304 3561 374 3642 ipsa
396 3565 513 3625 natura
544 3562 585 3625 ad
616 3563 810 3626 infinitivum
835 3562 1036 3626 inclinabant
1023 3567 1208 3644 teumque
1240 3562 1302 3626 sibi
1337 3563 1429 3645 quasi

88 3650 212 3713 socium
236 3656 290 3732 pet
271 3618 397 3713 tteban
422 3649 448 3710 lt
437 3654 532 3728 taque
555 3649 722 3726 vocabula
749 3668 833 3730 quae
856 3650 907 3712 his
930 3648 1114 3713 officiist
1066 3669 1099 3712 11
1101 3655 1150 3714 ter
1181 3669 1216 3716 se
1239 3651 1430 3750 responde

86 3736 174 3814 bant,
199 3736 347 3800 facillime
370 3735 608 3834 coniungebant
610 3741 702 3799 uret
725 3737 817 3816 quasi
840 3755 938 3800 unam
962 3735 1145 3800 efficiebant
1132 3743 1221 3802 tuo
1223 3738 1354 3816 tionem,
1378 3736 1436 3800 cui

86 3824 130 3886 lat
118 3830 187 3886 tera
210 3823 318 3888 lacert
298 3829 385 3903 tique
407 3823 473 3886 iam
496 3830 604 3886 essent
591 3823 667 3886 tad
701 3823 919 3887 iudicandum.
955 3822 1022 3886 Hac
1052 3824 1178 3889 ratione
1211 3825 1290 3888 inita
1257 3823 1431 3887 tsubie-

86 3917 199 3974 cerunt
221 3911 368 3975 homines
392 3909 496 3973 Latini
520 3909 714 3973 infinitivum
736 3910 844 3975 verbis
871 3909 979 3988 ›velle,
1004 3909 1100 3991 nolle,
1133 3913 1282 3992 cogitare,
1318 3912 1434 3974 memi-

68 3997 181 4082 nisse,
207 3997 360 4076 oblivisci,
385 3997 591 4076 constituere,
615 4014 742 4078 cupere,
767 3993 905 4063 studere,
938 3998 1093 4076 cunctari,
1127 3999 1240 4076 solere,
1275 3997 1436 4076 desinere,

86 4085 239 4165 coepisse,
262 4102 367 4166 posse,
392 4083 517 4148 debere.
531 4085 624 4162 sim‹;
649 4084 772 4148 deinde.
791 4084 955 4148 nonnullis
971 4084 1331 4183 circumscriptionibus,
1348 4102 1432 4164 quae

88 4172 172 4235 vices
202 4169 376 4236 verborum
408 4170 611 4235 auxiliarium
642 4171 800 4235 sustinere
832 4172 916 4251 cogit
903 4169 1016 4236 tabant
1004 4179 1065 4250 tur,
1098 4172 1190 4236 cuius
1224 4171 1349 4251 generis
1381 4176 1435 4234 est

91 4259 278 4322 »consilium
301 4258 394 4338 capio
418 4255 473 4340 (=
493 4258 678 4341 constituo),
692 4259 727 4324 in
749 4259 858 4322 animo
883 4264 942 4337 est,
965 4266 1016 4322 t
1017 4265 1029 4320 t
1052 4259 1189 4323 sentent
1181 4277 1213 4322 11
1237 4261 1304 4338 (=
1261 4259 1430 4338 -cogito

87 4343 1076 4428 1011111111θε11ε111111θ11),111111111θ1113-11θ1θο1,
1111 4352 1244 4422 rectum,
1281 4364 1431 4427 aequum,

85 4431 264 4513 pulchrum,
289 4431 364 4496 utile
388 4438 437 4497 est
460 4430 614 4513 (2debet
636 4432 687 4496 vel
709 4433 778 4495 vult
801 4431 962 4516 aliquis)‹;
987 4431 1125 4513 denique
1141 4432 1335 4512 quibusdam
1359 4450 1431 4494 ver-

85 4521 135 4582 bis
166 4518 434 4600 inpersonalibus,
458 4536 541 4598 quae
564 4519 688 4582 nullum
716 4519 931 4584 »subiectum«
959 4518 1125 4582 continere
1141 4517 1300 4597 dicuntur,
1319 4535 1437 4597 reapse

85 4605 206 4670 habeut
231 4605 404 4688 (convenit,
429 4606 569 4687 expedit,
593 4606 692 4685 iuvat,
716 4606 824 4687 pudet,
848 4607 1001 4688 paenitet,
1027 4604 1143 4684 taedet,
1168 4606 1308 4684 miseret,
1333 4622 1433 4684 opor-
