3208 5144
1496 367 1515 436 7

167 588 194 633 e.
219 588 262 632 m.
287 569 306 632 l.
329 570 393 633 vim
417 567 507 633 verbi
530 567 685 648 obtinere,
709 570 931 634 accusativum
953 588 980 633 o.
1004 569 1163 633 infinitivo
1187 570 1328 650 speciem
1351 569 1509 634 enuntiati

167 657 306 721 retinere
328 675 537 738 cosmumque
561 657 738 734 perlectum
761 656 898 735 efficere,
922 657 955 719 in
979 675 1042 737 quo
1066 661 1098 720 et
1120 657 1244 735 agentis
1279 663 1386 729 partes
1419 657 1511 721 inve-

171 743 242 806 nias
265 748 296 807 et
317 744 495 814 actionis¹t
509 743 573 808 s'ed
596 744 677 808 haec
699 744 893 809 cumulatius
917 761 1034 823 augere
1057 748 1114 806 aut
1136 743 1243 808 dicere
1267 744 1440 824 separatim
1475 743 1514 807 de

172 830 354 893 accusativo
377 848 404 893 c.
428 829 587 894 infinitivo
611 830 715 895 solute
737 838 892 912 usurpato
915 831 950 893 iri
978 830 1122 894 serendis
1154 830 1301 910 querelis
1335 830 1516 894 diffunden-

170 916 218 980 dis
240 916 305 994 iris,
329 917 538 980 inrisionibus
563 917 701 997 denique
724 917 923 995 anhelandis,
946 934 1021 979 oum
1043 935 1095 982 res
1117 918 1151 980 in
1174 924 1286 997 aperto
1310 915 1351 979 sit
1375 916 1516 982 facilem·

170 1021 233 1082 que
264 1003 418 1085 praebeat
453 1004 586 1079 aditum,
610 1003 751 1068 alienum
774 1004 900 1067 abhoc
923 1003 995 1067 loco
1018 1004 1160 1082 videtur;
1186 1004 1321 1068 fortasse
1355 1022 1422 1067 non
1454 1005 1515 1068 erit

168 1089 310 1155 alienum
332 1091 367 1152 in
390 1091 526 1155 transitu
562 1090 674 1155 leviter
707 1090 881 1170 adtingere,
912 1091 1010 1154 etiam
1041 1091 1137 1172 plena
1168 1091 1267 1155 verba
1299 1109 1382 1172 quae
1416 1108 1516 1172 snpra

169 1176 255 1240 dicta
277 1184 354 1240 sunt
376 1194 396 1239 a
418 1196 470 1242 mc
493 1178 534 1241 ad
555 1177 621 1240 vim
645 1177 833 1242 auxiliarem
857 1178 1011 1258 depressa
1033 1177 1169 1259 simplici
1193 1178 1349 1242 infinitivo
1365 1177 1517 1257 coniungi

170 1281 283 1344 posse;
308 1281 404 1344 quem
428 1270 536 1328 tamen
560 1283 655 1327 usum
678 1264 712 1328 in
735 1270 908 1344 angustum
931 1264 1146 1345 exiguumque
1170 1283 1189 1327 a
1213 1265 1333 1328 Latinis
1356 1266 1401 1328 ita
1439 1283 1518 1330 eon·

170 1350 296 1413 clusum
318 1347 425 1428 fuisse,
448 1350 553 1414 solum
576 1352 622 1414 uti
645 1351 674 1416 ei
696 1357 770 1434 post
791 1350 891 1415 verba
903 1350 1029 1415 dicendi
1044 1368 1083 1415 ao
1098 1351 1257 1416 sentiendi
1273 1352 1400 1433 passive
1415 1353 1516 1416 dicta-

174 1436 325 1516 neglectis
349 1442 457 1501 tamen
480 1437 689 1519 temporibus,
715 1456 798 1518 quae
821 1438 1026 1519 participium
1048 1438 1182 1519 perlecti
1209 1438 1516 1504 haberent-locum

174 1524 306 1588 darent:
330 1525 415 1588 unde
437 1524 525 1605 ipsos
548 1524 675 1589 ratione
698 1525 860 1605 cogitandi
896 1525 1000 1605 magis
1033 1525 1193 1590 obiectiva
1224 1525 1400 1590 delectatos
1438 1543 1518 1604 esse,

174 1609 267 1674 l'acile
290 1611 482 1692 perspicitur
506 1609 643 1692 (dicitur,
675 1613 829 1676 traditum
852 1618 900 1676 est
923 1619 1015 1675 tuum
1046 1617 1169 1693 patrem
1201 1613 1325 1694 patriae
1360 1614 1517 1677 amantis-

172 1697 290 1760 simum
315 1696 430 1775 luisse3
454 1697 571 1763 milites
594 1699 627 1762 in
650 1699 776 1764 hostem
799 1699 846 1762 ire
861 1698 1031 1775 iubentur;
1055 1699 1177 1762 malum
1194 1699 1272 1763 mihi
1288 1699 1415 1764 videtur
1431 1719 1518 1764 mors

177 1786 272 1863 esse).
296 1784 468 1864 Reliquum
493 1792 549 1854 ost.
573 1793 608 1848 ut
630 1785 855 1868 explicandum
878 1805 949 1850 esse
972 1784 1130 1863 videatur,
1166 1805 1231 1866 qua
1259 1787 1312 1850 via
1343 1788 1519 1851 infinitivus

173 1889 269 1934 suum
293 1871 514 1953 praedicatum
536 1890 614 1937 casu
630 1872 840 1951 nominativo,
853 1873 1039 1937 accusativo
1061 1873 1113 1938 vel
1136 1872 1245 1937 dativo
1268 1874 1419 1956 accipiat3
1444 1893 1520 1938 nam

173 1959 226 2020 bic
251 1975 380 2039 quoque
402 1976 497 2022 casus
521 1959 607 2040 apud
630 1959 761 2023 Latinos
784 1979 845 2023 usu
880 1961 967 2025 venit
998 1960 1108 2044 ilicet).
1144 1960 1207 2026 Sed
1239 1960 1309 2024 illas
1342 1967 1520 2025 structuras

175 2044 317 2126 (videtur
338 2063 408 2108 esse
431 2045 556 2121 beatae,
581 2047 702 2127 patitur
724 2047 833 2112 vocari
857 2045 1007 2112 Caesaris
1036 2047 1130 2126 ultor,
1155 2067 1221 2112 non
1255 2049 1440 2128 negaverim
1469 2066 1521 2112 me

171 2149 242 2195 esse
265 2131 410 2208 beatum)
435 2133 587 2213 explicari
610 2133 811 2198 adtractione
834 2135 948 2198 eodem
971 2135 1052 2219 iure,
1076 2153 1140 2215 quo
1156 2135 1291 2198 verbum
1308 2135 1520 2199 linitumcum

171 2217 329 2282 infinitivo
352 2220 562 2283 coniunctum
586 2238 684 2283 unam
722 2221 824 2301 possit
858 2221 983 2286 efficere
1017 2222 1193 2299 notionem,
1226 2240 1323 2286 nemo
1357 2229 1416 2302 est,
1441 2223 1518 2303 quin

171 2304 304 2380 viderit;
328 2304 413 2368 hanc
435 2305 503 2370 fieri
526 2324 585 2388 per
606 2308 739 2386 synesin
773 2308 984 2388 adtractione,
1008 2309 1224 2372 certissimum
1258 2314 1307 2373 est
1331 2308 1418 2391 (licet
1439 2308 1518 2372 mihi

170 2410 241 2456 esse
265 2391 393 2473 otioso).
1426 2429 1428 2434 .

470 2685 518 2766 lle
545 2687 732 2769 infinitivo
759 2689 833 2770 loco
861 2689 1085 2771 substantivi
1112 2693 1235 2790 posito.

276 2895 404 2958 Verum
427 2894 498 2975 ipsa
520 2914 571 2960 res
595 2898 759 2978 admonet,
782 2905 819 2961 ut
841 2899 973 2962 tandem
995 2901 1107 2982 paucis
1131 2901 1341 2981 expediamus
1371 2901 1521 2964 infinitivi

177 2998 273 3043 usum
297 2981 535 3045 substantivum
560 2984 615 3064 qui
637 2985 762 3062 dicitur,
787 2987 841 3066 qui
864 3003 943 3050 sane
966 2987 1105 3069 dupplex
1128 2995 1185 3051 est.
1210 2988 1247 3050 Et
1280 2989 1420 3070 primurn
1452 2989 1523 3067 qui·

180 3066 251 3131 dem
276 3067 462 3145 infinitivus,
488 3071 641 3150 quoniam
664 3090 739 3153 pars
762 3073 918 3137 orationis
942 3082 1000 3154 est,
1024 3075 1118 3139 sicuti
1142 3075 1204 3139 alia
1227 3076 1336 3152 verba,
1361 3075 1415 3138 ubi
1453 3076 1523 3156 ipsa

176 3154 336 3219 vocabula
360 3156 585 3237 respiciuntur,
610 3158 812 3225 substantive
835 3162 985 3238 usurpari
1007 3169 1130 3242 potest:
1155 3161 1237 3226 bene
1259 3163 1345 3225 enim
1367 3162 1465 3226 habet
1487 3181 1522 3225 se

172 3240 249 3304 illud
276 3242 479 3323 »frequenter
501 3244 606 3309 Latini
629 3263 676 3310 ac
709 3254 741 3312 et
774 3253 904 3329 atque
927 3249 960 3311 in
983 3248 1215 3328 significatione
1239 3250 1455 3313 similitudinis
1468 3267 1522 3312 ac-

172 3328 327 3409 cipiunt«,
356 3347 489 3394 »cavere
512 3331 545 3395 in
569 3339 673 3398 morte
697 3354 762 3399 non
785 3336 932 3399 dicitur«.
958 3335 1021 3400 Sed
1044 3336 1230 3422 infinitivus,
1255 3356 1349 3416 quem
1374 3338 1414 3400 ad
1446 3335 1523 3398 sub-

175 3414 293 3478 iectum
316 3415 471 3481 inclinare
493 3437 592 3500 supra
615 3421 839 3502 indicavimus
856 3424 953 3487 etiam
966 3424 1053 3487 aliud
1065 3424 1302 3487 substantivum
1320 3425 1388 3488 lieri
1407 3429 1524 3504 potest,

181 3502 266 3580 quod
290 3507 322 3565 et
344 3502 432 3566 illam
455 3523 553 3584 quam
577 3508 714 3573 diximus
737 3515 930 3590 potestatem
962 3511 1003 3574 ad
1038 3510 1217 3574 subiectum
1249 3513 1423 3575 revocandi
1458 3511 1523 3574 lere

177 3606 308 3652 omnem
331 3590 458 3653 amittat
480 3598 513 3656 et
534 3593 636 3659 solam
660 3596 826 3661 notionem
850 3598 987 3662 retineat
1009 3598 1042 3661 in
1066 3599 1193 3662 actione
1216 3599 1397 3678 cogitatam
1430 3596 1524 3674 Quod

176 3681 286 3740 tamen
310 3677 386 3740 novi
409 3679 533 3756 generis
557 3681 796 3747 substantivum
820 3703 894 3748 oum
918 3685 1108 3750 deficeretur
1121 3687 1256 3749 flexione
1269 3705 1374 3765 neque
1398 3693 1523 3747 susten-

177 3763 238 3825 tari
261 3763 398 3826 articulo
421 3782 441 3826 a
463 3765 583 3831 Latinis
606 3777 725 3851 posset,
750 3772 934 3835 mirandum
957 3792 1023 3836 non
1046 3780 1105 3851 est,
1130 3773 1216 3853 quod
1239 3773 1309 3835 solo
1332 3779 1420 3837 recto
1444 3790 1522 3836 casu

175 3850 228 3947 vel
243 3850 430 3916 accusativo
453 3851 628 3934 (rarissime
651 3876 725 3921 cum
745 3857 998 3944 praepositione)
1014 3860 1047 3923 in
1066 3860 1174 3940 lingua
1197 3859 1310 3922 Latina
1334 3858 1522 3942 utebatur),

174 3955 229 4016 qur
250 3955 349 4034 'casus
372 3939 466 4017 quasi
489 3939 689 4007 lenissimum
713 3947 882 4026 imperium
906 3947 940 4010 in
963 3946 1148 4011 nominibus
1172 3945 1366 4010 exercebant
1389 3945 1524 4028 (namet

173 4024 285 4103 partiri
308 4025 414 4104 ipsum
438 4032 470 4091 et
493 4027 625 4097 delinire
650 4069 674 4078 -
703 4033 788 4096 illius
811 4034 1050 4099 exercitationis
1073 4034 1232 4097 subtiliter
1256 4033 1439 4114 disputandi
1463 4039 1520 4108 est;

172 4109 264 4174 beate
287 4111 397 4176 vivere
420 4113 474 4177 alii
497 4115 530 4178 in
554 4117 626 4197 alio,
650 4119 806 4200 Epicurus
829 4122 862 4183 in
885 4121 1050 4201 voluptate
1082 4121 1189 4200 ponit3
1220 4128 1256 4185 ut
1287 4122 1371 4184 inter
1402 4121 1522 4201 optime

174 4196 278 4262 valere
302 4204 334 4262 et
357 4200 545 4278 gravissime
568 4214 735 4285 aegrotare
758 4208 838 4271 nihil
861 4227 992 4289 prorsus
1016 4207 1158 4271 dicerent
1191 4209 1370 4273 interesses
1404 4207 1437 4269 in
1469 4225 1522 4271 ce·

175 4284 251 4346 teris
274 4283 413 4363 casibus
438 4289 493 4367 qui
516 4290 586 4356 sine
610 4293 707 4357 dubio
738 4295 832 4358 sicuti
865 4297 933 4376 ipse
965 4292 1225 4358 denominativus
1258 4295 1298 4358 ab
1334 4295 1520 4357 accusativo

281 4526 303 4590 ¹)
321 4523 372 4577 alii
392 4521 450 4577 alio
469 4517 557 4573 modo
576 4516 651 4571 hanc
670 4521 843 4571 structuram
863 4517 1007 4585 explicare
1025 4517 1123 4571 conati
1144 4522 1217 4580 sunt,
1239 4533 1294 4582 qua
1326 4515 1360 4568 de
1390 4533 1421 4571 re
1452 4515 1519 4570 vide

161 4599 246 4660 'quaa
265 4592 339 4648 infra
357 4591 503 4649 adnotavi.

278 4665 301 4732 ²)
320 4665 486 4719 accuratius
507 4663 543 4716 de
558 4656 613 4714 hac
631 4673 663 4710 re
683 4655 783 4711 dieser.
804 4655 907 4723 Haase,
926 4655 1041 4724 Reisigs
1061 4657 1170 4711 Vorles.
1190 4672 1217 4720 p.
1239 4656 1289 4710 763
1310 4655 1407 4709 adnot.
1426 4659 1485 4713 601,
