3208 5144
1384 386 1435 462 25

88 611 179 671 tento
205 601 315 668 omnia
336 597 482 679 stabunt,
508 597 683 663 Horatium
707 599 753 663 eis
776 597 900 661 artibus
931 617 1043 676 curam
1074 597 1200 662 dedisse
1231 599 1370 664 orationi
1404 603 1436 662 et

85 692 266 756 variandae
289 695 321 754 et
344 687 615 764 conlustrandae;
640 686 716 750 licet
743 687 829 750 enim
860 690 1058 750 concurrant
1089 704 1203 750 omnes
1235 685 1436 767 grammatici

88 778 206 861 plebei,
230 777 283 858 qui
306 775 410 840 solam
435 773 582 837 sormam.
595 793 712 838 vocum
735 792 795 838 nec
818 772 995 854 quidquam
1018 777 1186 854 praeterea
1209 791 1366 854 quaerere
1382 793 1435 836 so-

91 870 168 944 lent,
192 884 258 930 non
281 861 448 947 perficient
470 861 523 924 isti
547 861 688 944 quidem,
712 867 749 924 ut
782 859 863 924 falsa
895 862 1061 938 ducamus
1096 879 1181 942 quae
1214 861 1279 925 iam
1313 862 1435 925 dudum

90 952 294 1035 sequimur¹),
308 949 463 1014 nimirum
486 948 659 1013 dividenda
682 967 753 1012 esse
776 947 839 1011 ista
861 947 1022 1012 adiectiva
1045 948 1137 1030 quasi
1161 949 1194 1011 in
1218 954 1336 1030 partes,
1352 968 1433 1029 qua-

87 1061 161 1105 rum
185 1059 252 1104 una
275 1042 471 1121 potestatem
494 1035 615 1100 habeat
637 1035 782 1099 adverbii
805 1034 909 1099 altera
932 1035 1092 1118 participii
1127 1036 1303 1116 auxiliaria,
1335 1036 1437 1101 altera

87 1149 157 1194 rem
181 1129 284 1191 altera
310 1127 445 1190 formam
469 1123 640 1202 describat,
664 1140 729 1203 qua
752 1121 833 1186 haec
855 1123 926 1205 ipsa
959 1129 1116 1203 tanquam
1148 1129 1241 1188 veste
1272 1124 1435 1202 induatur,

86 1226 124 1280 ut
146 1215 213 1279 iam
236 1213 438 1290 intellegatur
460 1217 492 1275 et
515 1212 679 1292 quomodo
702 1215 775 1291 post
797 1228 853 1273 eas
877 1228 972 1274 voces
996 1211 1087 1274 locus
1120 1210 1178 1274 fiat
1209 1211 1367 1275 infinitivo
1404 1217 1437 1275 ct

88 1307 251 1385 qnantum
273 1301 307 1364 in
328 1299 404 1382 ipsis
437 1299 479 1362 ad
514 1298 653 1362 aetionis
687 1297 820 1360 modum
854 1297 1072 1362 deliniendum
1107 1299 1266 1363 redundet
1299 1299 1434 1379 vigoris;

91 1411 168 1455 eum
190 1407 285 1470 porro
308 1387 439 1450 modum
463 1391 596 1469 propter
619 1383 814 1449 adiectivam
836 1385 1098 1449 terminationem
1122 1404 1205 1470 quae
1229 1387 1263 1450 in
1287 1387 1334 1451 eis
1357 1405 1435 1450 con-

92 1477 245 1559 spiciatur
267 1475 311 1539 ita
334 1474 452 1556 ewffingi,
476 1481 512 1539 ut
535 1473 644 1555 potius
668 1469 745 1556 quid
767 1471 810 1534 sit
832 1473 861 1537 ei
891 1490 1094 1556 consequens
1117 1473 1150 1536 in
1182 1474 1260 1555 ipsis
1289 1474 1438 1556 personis

87 1564 147 1627 snb
171 1563 362 1644 adspectum
393 1568 543 1644 ponatur,
568 1560 641 1625 dieo
673 1559 818 1642 ipsarum
849 1559 1007 1642 quasdam
1038 1561 1264 1644 proprietates
1299 1580 1437 1645 quarum

86 1652 149 1715 hac
171 1651 244 1733 ipsa
267 1651 392 1715 ratione
415 1648 649 1714 iucundissima
672 1649 708 1710 fit
729 1646 856 1728 pictura

195 1772 310 1856 Itaque
333 1772 368 1834 in
391 1771 478 1835 exitu
510 1768 747 1851 disputationis,
779 1786 877 1851 quam
911 1769 950 1832 de
983 1769 1131 1833 infinitivi
1165 1790 1225 1834 usu
1260 1771 1438 1836 Horatiano

88 1861 232 1924 maxime
254 1859 357 1940 lyrico
381 1857 633 1936 institueramus
659 1861 815 1940 quantum
840 1874 879 1919 ea
903 1875 1002 1938 opera
1032 1858 1266 1940 profecerimus
1297 1860 1436 1923 circum-

90 1946 308 2028 spicientibus
331 1952 363 2009 et
386 1945 479 2027 quasi
501 1944 643 2009 calculos
676 1941 932 2008 subducentibus
962 1944 1023 2008 hoc
1054 1965 1113 2027 pro
1145 1952 1234 2010 certo
1266 1947 1438 2011 adfirmare

91 2034 175 2113 licet,
200 2033 376 2098 Horatium
399 2033 546 2115 inprimis
569 2032 724 2096 laetatum
748 2049 820 2096 esse
843 2031 1001 2096 infinitivo
1024 2052 1074 2112 eo,
1106 2035 1161 2118 qui
1192 2034 1290 2098 verba
1324 2033 1437 2098 auxili-

89 2121 159 2184 aria
182 2121 274 2202 sequi
297 2120 436 2197 soleret3
460 2137 574 2183 eorum
597 2126 706 2182 autem
729 2117 903 2182 verborum
926 2139 1108 2200 numerum,
1133 2141 1197 2204 quo
1230 2121 1439 2186 condiciones

86 2207 213 2288 agentis
236 2225 398 2289 personae
421 2206 539 2270 melius
562 2206 825 2287 exprimerentur,
839 2207 949 2269 nescio
972 2207 1005 2269 in
1029 2214 1186 2289 quantum
1203 2214 1334 2272 auctum
1348 2227 1437 2285 esse;

87 2303 159 2358 tum
182 2312 262 2358 vero
286 2293 427 2357 adsimili
450 2293 576 2357 ratione
597 2293 678 2357 inita
700 2293 734 2356 in
766 2293 945 2374 participiis
978 2299 1011 2356 et
1043 2295 1209 2358 adieetivis
1242 2296 1438 2360 intinitivum

91 2381 134 2444 ab
158 2400 198 2445 eo
221 2380 409 2462 saepissime
432 2380 607 2444 admissum
631 2385 712 2453 esse,
737 2381 859 2444 utiam
882 2381 923 2444 ad
946 2382 1145 2445 Graecorum
1168 2381 1438 2446 consuetudinem

14 2525 16 2540 ,
89 2468 268 2543 accederet,
295 2485 400 2550 neque
423 2475 534 2532 tamen
566 2469 652 2548 leges
684 2467 808 2548 patriae
841 2469 999 2532 orationis
1027 2507 1056 2514 --
1089 2469 1230 2550 exceptis
1262 2469 1436 2534 admodum

85 2556 201 2638 paucis
225 2555 383 2636 exemplis
410 2592 445 2602 -
471 2555 523 2621 ille
547 2556 678 2640 quidem
702 2555 865 2634 migraret.
891 2556 981 2621 Unde
1006 2559 1048 2628 fit,
1074 2563 1109 2621 ut
1132 2557 1299 2622 verissime
1316 2558 1355 2622 de
1371 2557 1436 2621 Ho-

85 2643 171 2706 ratio
195 2645 374 2706 verborum
397 2641 584 2708 felicissimo
607 2649 741 2707 auctore
771 2643 961 2708 iudicaverit
991 2645 1210 2722 Quintilianus
1241 2646 1280 2719 X,
1316 2648 1343 2724 1,
1378 2648 1436 2710 86:

91 2731 303 2809 xlqricorum
325 2729 482 2794 Horatius
505 2731 571 2796 lere
595 2731 685 2794 solus
709 2724 770 2811 legi
792 2731 920 2811 dignus,
945 2731 1028 2797 Nam
1052 2739 1083 2799 ct
1106 2733 1241 2812 insurgit
1264 2733 1439 2815 aliquando

90 2822 124 2880 et
148 2817 265 2967 plenu}
288 2823 341 2940 θεὲ
360 2816 570 2883 iucunditatis
594 2823 626 2883 ct
650 2818 774 2898 gratiae
797 2825 829 2883 et
851 2821 950 2885 uariis
974 2821 1083 2900 figuris
1114 2827 1147 2885 et
1179 2821 1288 2885 verbis
1321 2819 1437 2884 felicis-

88 2902 175 2966 sime
198 2920 241 2966 au
266 2921 324 2966 ax«
344 2906 368 2986 ).

597 3203 932 3284 addenda.

191 3426 268 3506 Pag.
293 3430 322 3507 9,
346 3447 377 3490 v.
394 3433 474 3492 extr.
500 3421 564 3494 Se'd
587 3436 697 3497 tamen
720 3433 796 3500 huic
818 3433 977 3497 infinitivo
1000 3451 1236 3516 nonnunquam
1260 3434 1325 3497 vim
1348 3434 1438 3514 inpe-

86 3512 183 3576 rativi
206 3513 312 3580 inesse
335 3516 389 3579 vix
411 3517 522 3598 negari
545 3524 652 3600 potest
676 3519 728 3602 (cl.
752 3520 836 3601 lolly
859 3538 930 3602 pag,
958 3521 1044 3604 181).

534 3862 990 3966 Corrigenda.

190 4087 270 4168 Pag.
298 4091 336 4154 13
360 4091 508 4156 tollenda
530 4099 607 4156 sunt
629 4095 733 4158 verba
758 4093 828 4160 “his
853 4090 1307 4176 reperiatur-panacem
1335 4101 1432 4176 atque

86 4175 264 4254 legendum
288 4179 391 4242 semel
415 4180 599 4261 reperiatur
621 4199 642 4244 a
665 4180 793 4260 legibus
818 4183 945 4264 patriae
969 4181 1131 4246 orationis
1167 4183 1348 4247 recessisse
1380 4182 1428 4247 id-

84 4282 149 4346 que
172 4263 227 4343 lll,
251 4265 282 4343 6,
309 4267 347 4329 11
373 4285 421 4347 sq,
446 4273 479 4330 et
501 4267 661 4332 adiecisse
684 4271 842 4351 praedam
866 4269 1053 4350 Torquibus
1077 4270 1203 4349 exiguis
1228 4270 1382 4334 renidet«

84 4458 295 4466 ——n—-—--

189 4577 212 4646 ¹)
232 4579 265 4630 In
287 4575 387 4632 eadem
408 4579 551 4633 sententia
570 4583 614 4634 est
632 4581 783 4650 KithlcruS,
804 4579 860 4635 alii.

187 4647 212 4716 ¹)
232 4648 277 4700 De
296 4646 416 4717 ratione,
435 4665 519 4716 quam
538 4648 695 4704 infinitivus
726 4651 819 4704 nudus
856 4666 920 4704 cum
958 4651 1133 4740 temporibus
1153 4666 1186 4703 ao
1206 4651 1303 4706 metris
1331 4653 1434 4709 babeat

82 4732 179 4786 carm,
200 4716 274 4770 alias
294 4714 479 4775 disseremus
719 4723 722 4727 ’
