<?xml version="1.0" encoding="UTF-8"?>
<!DOCTYPE html PUBLIC "-//W3C//DTD XHTML 1.0 Transitional//EN"
    "http://www.w3.org/TR/xhtml1/DTD/xhtml1-transitional.dtd">
<html xmlns="http://www.w3.org/1999/xhtml" xml:lang="en" lang="en">
 <head>
  <title>
</title>
<meta http-equiv="Content-Type" content="text/html;charset=utf-8" />
  <meta name='ocr-system' content='tesseract 3.04.00' />
  <meta name='ocr-capabilities' content='ocr_page ocr_carea ocr_par ocr_line ocrx_word'/>
</head>
<body>
  <div class='ocr_page' id='page_1' title='image "./denaturainfinit00lewigoog_0010.png"; bbox 0 0 3208 5144; ppageno 0'>
   <div class='ocr_carea' id='block_1_1' title="bbox 1517 413 1540 482">
    <p class='ocr_par' dir='ltr' id='par_1_1' title="bbox 1517 413 1540 482">
     <span class='ocr_line' id='line_1_1' title="bbox 1517 413 1540 482; baseline 0 0"><span class='ocrx_word' id='word_1_1' title='bbox 1517 413 1540 482; x_wconf 84' lang='lat'>5</span> 
     </span>
    </p>
   </div>
   <div class='ocr_carea' id='block_1_2' title="bbox 186 613 1549 4264">
    <p class='ocr_par' dir='ltr' id='par_1_2' title="bbox 186 613 1549 4264">
     <span class='ocr_line' id='line_1_2' title="bbox 186 613 1539 704; baseline -0.003 -20"><span class='ocrx_word' id='word_1_2' title='bbox 186 620 269 704; x_wconf 78' lang='lat' dir='ltr'>tet).</span> <span class='ocrx_word' id='word_1_3' title='bbox 300 618 408 683; x_wconf 85' lang='lat' dir='ltr'><strong>Inesse</strong></span> <span class='ocrx_word' id='word_1_4' title='bbox 434 615 651 680; x_wconf 79' lang='lat' dir='ltr'>»subiectum«</span> <span class='ocrx_word' id='word_1_5' title='bbox 677 615 712 678; x_wconf 93' lang='lat' dir='ltr'>in</span> <span class='ocrx_word' id='word_1_6' title='bbox 733 614 841 680; x_wconf 90' lang='lat' dir='ltr'>verbis</span> <span class='ocrx_word' id='word_1_7' title='bbox 876 613 1133 697; x_wconf 89' lang='lat' dir='ltr'>inpersonalibus</span> <span class='ocrx_word' id='word_1_8' title='bbox 1156 615 1208 680; x_wconf 88' lang='lat' dir='ltr'>vei</span> <span class='ocrx_word' id='word_1_9' title='bbox 1239 615 1315 681; x_wconf 90' lang='lat' dir='ltr'>inde</span> <span class='ocrx_word' id='word_1_10' title='bbox 1338 619 1539 698; x_wconf 79' lang='lat' dir='ltr'>perspicitur,</span> 
     </span>
     <span class='ocr_line' id='line_1_3' title="bbox 187 701 1539 790; baseline -0.001 -20"><span class='ocrx_word' id='word_1_11' title='bbox 187 708 273 790; x_wconf 91' lang='lat' dir='ltr'>quod</span> <span class='ocrx_word' id='word_1_12' title='bbox 297 707 386 786; x_wconf 83' lang='lat' dir='ltr'>ipsae</span> <span class='ocrx_word' id='word_1_13' title='bbox 409 722 521 768; x_wconf 90' lang='lat' dir='ltr'>eorum</span> <span class='ocrx_word' id='word_1_14' title='bbox 545 703 694 766; x_wconf 91' lang='lat' dir='ltr'>notiones</span> <span class='ocrx_word' id='word_1_15' title='bbox 717 701 817 767; x_wconf 90' lang='lat' dir='ltr'>verbo</span> <span class='ocrx_word' id='word_1_16' title='bbox 844 701 1041 778; x_wconf 72' lang='lat' dir='ltr'>›essafieri‹</span> <span class='ocrx_word' id='word_1_17' title='bbox 1068 701 1119 765; x_wconf 91' lang='lat' dir='ltr'>vel</span> <span class='ocrx_word' id='word_1_18' title='bbox 1134 702 1231 766; x_wconf 85' lang='lat' dir='ltr'>simili</span> <span class='ocrx_word' id='word_1_19' title='bbox 1246 703 1393 785; x_wconf 86' lang='lat' dir='ltr'>adposito</span> <span class='ocrx_word' id='word_1_20' title='bbox 1416 706 1457 769; x_wconf 86' lang='lat' dir='ltr'>ad</span> <span class='ocrx_word' id='word_1_21' title='bbox 1473 706 1539 769; x_wconf 86' lang='lat' dir='ltr'>vim</span> 
     </span>
     <span class='ocr_line' id='line_1_4' title="bbox 188 787 1538 869; baseline -0.001 -11"><span class='ocrx_word' id='word_1_22' title='bbox 188 792 450 858; x_wconf 76' lang='lat' dir='ltr'>enuntiationum</span> <span class='ocrx_word' id='word_1_23' title='bbox 473 789 642 869; x_wconf 87' lang='lat' dir='ltr'>accedunt,</span> <span class='ocrx_word' id='word_1_24' title='bbox 678 806 764 869; x_wconf 85' lang='lat' dir='ltr'>quae</span> <span class='ocrx_word' id='word_1_25' title='bbox 792 788 878 853; x_wconf 93' lang='lat' dir='ltr'>idem</span> <span class='ocrx_word' id='word_1_26' title='bbox 911 788 980 851; x_wconf 87' lang='lat' dir='ltr'>istis</span> <span class='ocrx_word' id='word_1_27' title='bbox 1012 787 1119 852; x_wconf 87' lang='lat' dir='ltr'>uerbis</span> <span class='ocrx_word' id='word_1_28' title='bbox 1152 788 1317 854; x_wconf 86' lang='lat' dir='ltr'>declarare</span> <span class='ocrx_word' id='word_1_29' title='bbox 1348 791 1538 869; x_wconf 87' lang='lat' dir='ltr'>videantur;</span> 
     </span>
     <span class='ocr_line' id='line_1_5' title="bbox 190 875 1536 962; baseline -0.001 -18"><span class='ocrx_word' id='word_1_30' title='bbox 190 899 274 962; x_wconf 88' lang='lat' dir='ltr'>quae</span> <span class='ocrx_word' id='word_1_31' title='bbox 297 879 429 960; x_wconf 91' lang='lat' dir='ltr'>quidem</span> <span class='ocrx_word' id='word_1_32' title='bbox 452 896 527 941; x_wconf 91' lang='lat' dir='ltr'>cum</span> <span class='ocrx_word' id='word_1_33' title='bbox 550 875 694 940; x_wconf 82' lang='lat' dir='ltr'>habeant</span> <span class='ocrx_word' id='word_1_34' title='bbox 716 875 875 939; x_wconf 87' lang='lat' dir='ltr'>rationem</span> <span class='ocrx_word' id='word_1_35' title='bbox 898 893 973 938; x_wconf 87' lang='lat' dir='ltr'>oum</span> <span class='ocrx_word' id='word_1_36' title='bbox 996 876 1142 955; x_wconf 87' lang='lat' dir='ltr'>personis</span> <span class='ocrx_word' id='word_1_37' title='bbox 1165 877 1272 956; x_wconf 87' lang='lat' dir='ltr'>certis,</span> <span class='ocrx_word' id='word_1_38' title='bbox 1298 895 1394 958; x_wconf 83' lang='lat' dir='ltr'>saepe</span> <span class='ocrx_word' id='word_1_39' title='bbox 1420 879 1536 944; x_wconf 85' lang='lat' dir='ltr'>verbo-</span> 
     </span>
     <span class='ocr_line' id='line_1_6' title="bbox 188 961 1537 1048; baseline -0.001 -16"><span class='ocrx_word' id='word_1_40' title='bbox 188 988 261 1032; x_wconf 87' lang='lat' dir='ltr'>rum</span> <span class='ocrx_word' id='word_1_41' title='bbox 284 965 489 1030; x_wconf 86' lang='lat' dir='ltr'>auxiliarium</span> <span class='ocrx_word' id='word_1_42' title='bbox 513 963 653 1026; x_wconf 88' lang='lat' dir='ltr'>induunt</span> <span class='ocrx_word' id='word_1_43' title='bbox 686 969 719 1027; x_wconf 91' lang='lat' dir='ltr'>et</span> <span class='ocrx_word' id='word_1_44' title='bbox 750 961 1016 1042; x_wconf 85' lang='lat' dir='ltr'>significationem</span> <span class='ocrx_word' id='word_1_45' title='bbox 1048 968 1081 1026; x_wconf 89' lang='lat' dir='ltr'>et</span> <span class='ocrx_word' id='word_1_46' title='bbox 1109 964 1343 1048; x_wconf 90' lang='lat' dir='ltr'>potestatem.¹)</span> <span class='ocrx_word' id='word_1_47' title='bbox 1377 965 1537 1030; x_wconf 89' lang='lat' dir='ltr'>Nonnun-</span> 
     </span>
     <span class='ocr_line' id='line_1_7' title="bbox 186 1049 1540 1137; baseline 0 -19"><span class='ocrx_word' id='word_1_48' title='bbox 186 1073 287 1137; x_wconf 86' lang='lat' dir='ltr'>quam</span> <span class='ocrx_word' id='word_1_49' title='bbox 311 1054 410 1117; x_wconf 90' lang='lat' dir='ltr'>etiam</span> <span class='ocrx_word' id='word_1_50' title='bbox 432 1051 495 1115; x_wconf 87' lang='lat' dir='ltr'>hoc</span> <span class='ocrx_word' id='word_1_51' title='bbox 518 1049 611 1131; x_wconf 88' lang='lat' dir='ltr'>quasi</span> <span class='ocrx_word' id='word_1_52' title='bbox 633 1049 812 1114; x_wconf 90' lang='lat' dir='ltr'>remedium</span> <span class='ocrx_word' id='word_1_53' title='bbox 835 1068 900 1130; x_wconf 90' lang='lat' dir='ltr'>quo</span> <span class='ocrx_word' id='word_1_54' title='bbox 924 1049 1024 1112; x_wconf 92' lang='lat' dir='ltr'>utaris</span> <span class='ocrx_word' id='word_1_55' title='bbox 1047 1049 1081 1112; x_wconf 90' lang='lat' dir='ltr'>in</span> <span class='ocrx_word' id='word_1_56' title='bbox 1100 1051 1285 1132; x_wconf 89' lang='lat' dir='ltr'>propinquo</span> <span class='ocrx_word' id='word_1_57' title='bbox 1308 1057 1366 1127; x_wconf 85' lang='lat' dir='ltr'>est,</span> <span class='ocrx_word' id='word_1_58' title='bbox 1391 1059 1426 1116; x_wconf 94' lang='lat' dir='ltr'>ut</span> <span class='ocrx_word' id='word_1_59' title='bbox 1458 1072 1540 1134; x_wconf 88' lang='lat' dir='ltr'>quae</span> 
     </span>
     <span class='ocr_line' id='line_1_8' title="bbox 190 1135 1538 1217; baseline -0.001 -12"><span class='ocrx_word' id='word_1_60' title='bbox 190 1143 313 1205; x_wconf 87' lang='lat' dir='ltr'>lateant</span> <span class='ocrx_word' id='word_1_61' title='bbox 336 1138 462 1203; x_wconf 88' lang='lat' dir='ltr'>semina</span> <span class='ocrx_word' id='word_1_62' title='bbox 496 1135 688 1200; x_wconf 90' lang='lat' dir='ltr'>iudiciorum</span> <span class='ocrx_word' id='word_1_63' title='bbox 720 1137 754 1200; x_wconf 90' lang='lat' dir='ltr'>iu</span> <span class='ocrx_word' id='word_1_64' title='bbox 797 1135 1056 1217; x_wconf 87' lang='lat' dir='ltr'>inpersonalibus</span> <span class='ocrx_word' id='word_1_65' title='bbox 1088 1154 1127 1200; x_wconf 92' lang='lat' dir='ltr'>ea</span> <span class='ocrx_word' id='word_1_66' title='bbox 1160 1137 1258 1202; x_wconf 81' lang='lat' dir='ltr'>verbo</span> <span class='ocrx_word' id='word_1_67' title='bbox 1289 1138 1430 1203; x_wconf 91' lang='lat' dir='ltr'>habendi</span> <span class='ocrx_word' id='word_1_68' title='bbox 1462 1139 1538 1204; x_wconf 89' lang='lat' dir='ltr'>sub-</span> 
     </span>
     <span class='ocr_line' id='line_1_9' title="bbox 188 1221 1541 1308; baseline 0 -16"><span class='ocrx_word' id='word_1_69' title='bbox 188 1229 302 1292; x_wconf 90' lang='lat' dir='ltr'>audito</span> <span class='ocrx_word' id='word_1_70' title='bbox 325 1228 360 1289; x_wconf 91' lang='lat' dir='ltr'>iu</span> <span class='ocrx_word' id='word_1_71' title='bbox 382 1225 483 1290; x_wconf 89' lang='lat' dir='ltr'>solem</span> <span class='ocrx_word' id='word_1_72' title='bbox 496 1223 675 1299; x_wconf 85' lang='lat' dir='ltr'>eliciantur,</span> <span class='ocrx_word' id='word_1_73' title='bbox 699 1229 734 1287; x_wconf 91' lang='lat' dir='ltr'>ut</span> <span class='ocrx_word' id='word_1_74' title='bbox 756 1223 783 1287; x_wconf 92' lang='lat' dir='ltr'>si</span> <span class='ocrx_word' id='word_1_75' title='bbox 806 1221 933 1287; x_wconf 86' lang='lat' dir='ltr'>dicatur</span> <span class='ocrx_word' id='word_1_76' title='bbox 959 1224 1076 1304; x_wconf 83' lang='lat' dir='ltr'>»pudet</span> <span class='ocrx_word' id='word_1_77' title='bbox 1091 1242 1161 1288; x_wconf 77' lang='lat' dir='ltr'>me«</span> <span class='ocrx_word' id='word_1_78' title='bbox 1188 1224 1390 1306; x_wconf 83' lang='lat' dir='ltr'>intellegatur</span> <span class='ocrx_word' id='word_1_79' title='bbox 1416 1229 1541 1308; x_wconf 83' lang='lat' dir='ltr'>»pudor</span> 
     </span>
     <span class='ocr_line' id='line_1_10' title="bbox 191 1310 1543 1392; baseline 0 -14"><span class='ocrx_word' id='word_1_80' title='bbox 191 1314 291 1378; x_wconf 90' lang='lat' dir='ltr'>babet</span> <span class='ocrx_word' id='word_1_81' title='bbox 313 1331 382 1377; x_wconf 75' lang='lat' dir='ltr'>me«</span> <span class='ocrx_word' id='word_1_82' title='bbox 409 1313 428 1374; x_wconf 91' lang='lat' dir='ltr'>i.</span> <span class='ocrx_word' id='word_1_83' title='bbox 453 1331 480 1376; x_wconf 87' lang='lat' dir='ltr'>e.</span> <span class='ocrx_word' id='word_1_84' title='bbox 509 1312 561 1374; x_wconf 77' lang='lat' dir='ltr'>»in</span> <span class='ocrx_word' id='word_1_85' title='bbox 582 1312 706 1392; x_wconf 87' lang='lat' dir='ltr'>pudore</span> <span class='ocrx_word' id='word_1_86' title='bbox 728 1329 819 1374; x_wconf 83' lang='lat' dir='ltr'>sum«</span> <span class='ocrx_word' id='word_1_87' title='bbox 845 1310 897 1374; x_wconf 91' lang='lat' dir='ltr'>vel</span> <span class='ocrx_word' id='word_1_88' title='bbox 923 1310 1110 1391; x_wconf 53' lang='lat' dir='ltr'>»pudeam«,</span> <span class='ocrx_word' id='word_1_89' title='bbox 1135 1313 1220 1391; x_wconf 93' lang='lat' dir='ltr'>quod</span> <span class='ocrx_word' id='word_1_90' title='bbox 1242 1331 1321 1376; x_wconf 89' lang='lat' dir='ltr'>saue</span> <span class='ocrx_word' id='word_1_91' title='bbox 1343 1331 1457 1378; x_wconf 84' lang='lat' dir='ltr'>verum</span> <span class='ocrx_word' id='word_1_92' title='bbox 1491 1323 1543 1380; x_wconf 87' lang='lat' dir='ltr'>est</span> 
     </span>
     <span class='ocr_line' id='line_1_11' title="bbox 191 1397 1537 1480; baseline 0.001 -16"><span class='ocrx_word' id='word_1_93' title='bbox 191 1400 329 1466; x_wconf 87' lang='lat' dir='ltr'>verbum</span> <span class='ocrx_word' id='word_1_94' title='bbox 352 1399 516 1463; x_wconf 87' lang='lat' dir='ltr'>auxiliare.</span> <span class='ocrx_word' id='word_1_95' title='bbox 551 1397 756 1480; x_wconf 84' lang='lat' dir='ltr'>Quamquam</span> <span class='ocrx_word' id='word_1_96' title='bbox 788 1397 840 1461; x_wconf 92' lang='lat' dir='ltr'>hic</span> <span class='ocrx_word' id='word_1_97' title='bbox 872 1397 969 1461; x_wconf 91' lang='lat' dir='ltr'>etiam</span> <span class='ocrx_word' id='word_1_98' title='bbox 1002 1398 1040 1461; x_wconf 91' lang='lat' dir='ltr'>de</span> <span class='ocrx_word' id='word_1_99' title='bbox 1073 1397 1227 1478; x_wconf 84' lang='lat' dir='ltr'>singulari</span> <span class='ocrx_word' id='word_1_100' title='bbox 1261 1400 1402 1480; x_wconf 89' lang='lat' dir='ltr'>quadam</span> <span class='ocrx_word' id='word_1_101' title='bbox 1437 1403 1537 1466; x_wconf 90' lang='lat' dir='ltr'>animi</span> 
     </span>
     <span class='ocr_line' id='line_1_12' title="bbox 192 1483 1540 1570; baseline 0 -18"><span class='ocrx_word' id='word_1_102' title='bbox 192 1487 398 1570; x_wconf 82' lang='lat' dir='ltr'>perceptione</span> <span class='ocrx_word' id='word_1_103' title='bbox 421 1487 490 1550; x_wconf 88' lang='lat' dir='ltr'>eius</span> <span class='ocrx_word' id='word_1_104' title='bbox 513 1483 646 1565; x_wconf 87' lang='lat' dir='ltr'>cogitari</span> <span class='ocrx_word' id='word_1_105' title='bbox 668 1489 784 1567; x_wconf 91' lang='lat' dir='ltr'>potest,</span> <span class='ocrx_word' id='word_1_106' title='bbox 810 1485 865 1566; x_wconf 91' lang='lat' dir='ltr'>qui</span> <span class='ocrx_word' id='word_1_107' title='bbox 888 1483 1023 1548; x_wconf 87' lang='lat' dir='ltr'>alicuius</span> <span class='ocrx_word' id='word_1_108' title='bbox 1054 1491 1189 1550; x_wconf 90' lang='lat' dir='ltr'>eventus</span> <span class='ocrx_word' id='word_1_109' title='bbox 1221 1504 1296 1550; x_wconf 90' lang='lat' dir='ltr'>cum</span> <span class='ocrx_word' id='word_1_110' title='bbox 1331 1506 1397 1552; x_wconf 90' lang='lat' dir='ltr'>nou</span> <span class='ocrx_word' id='word_1_111' title='bbox 1418 1499 1540 1570; x_wconf 88' lang='lat' dir='ltr'>posset</span> 
     </span>
     <span class='ocr_line' id='line_1_13' title="bbox 190 1571 1538 1657; baseline 0.001 -19"><span class='ocrx_word' id='word_1_112' title='bbox 190 1575 360 1656; x_wconf 86' lang='lat' dir='ltr'>designare</span> <span class='ocrx_word' id='word_1_113' title='bbox 383 1591 526 1646; x_wconf 81' lang='lat' dir='ltr'>eausam,</span> <span class='ocrx_word' id='word_1_114' title='bbox 551 1572 636 1653; x_wconf 89' lang='lat' dir='ltr'>quod</span> <span class='ocrx_word' id='word_1_115' title='bbox 651 1590 724 1636; x_wconf 89' lang='lat' dir='ltr'>eam</span> <span class='ocrx_word' id='word_1_116' title='bbox 748 1589 807 1636; x_wconf 88' lang='lat' dir='ltr'>nec</span> <span class='ocrx_word' id='word_1_117' title='bbox 830 1571 863 1634; x_wconf 89' lang='lat' dir='ltr'>iu</span> <span class='ocrx_word' id='word_1_118' title='bbox 886 1588 921 1635; x_wconf 92' lang='lat' dir='ltr'>se</span> <span class='ocrx_word' id='word_1_119' title='bbox 945 1589 1005 1635; x_wconf 87' lang='lat' dir='ltr'>nec</span> <span class='ocrx_word' id='word_1_120' title='bbox 1028 1572 1061 1634; x_wconf 91' lang='lat' dir='ltr'>in</span> <span class='ocrx_word' id='word_1_121' title='bbox 1084 1591 1123 1636; x_wconf 94' lang='lat' dir='ltr'>eo</span> <span class='ocrx_word' id='word_1_122' title='bbox 1147 1572 1188 1636; x_wconf 87' lang='lat' dir='ltr'>ad</span> <span class='ocrx_word' id='word_1_123' title='bbox 1223 1592 1320 1655; x_wconf 89' lang='lat' dir='ltr'>quem</span> <span class='ocrx_word' id='word_1_124' title='bbox 1352 1573 1538 1657; x_wconf 87' lang='lat' dir='ltr'>loqueretur</span> 
     </span>
     <span class='ocr_line' id='line_1_14' title="bbox 194 1657 1540 1743; baseline 0.001 -18"><span class='ocrx_word' id='word_1_125' title='bbox 194 1663 259 1725; x_wconf 92' lang='lat' dir='ltr'>ullo</span> <span class='ocrx_word' id='word_1_126' title='bbox 282 1667 377 1743; x_wconf 87' lang='lat' dir='ltr'>pacto</span> <span class='ocrx_word' id='word_1_127' title='bbox 408 1659 642 1742; x_wconf 85' lang='lat' dir='ltr'>suspicabatur,</span> <span class='ocrx_word' id='word_1_128' title='bbox 673 1659 715 1722; x_wconf 91' lang='lat' dir='ltr'>ad</span> <span class='ocrx_word' id='word_1_129' title='bbox 746 1659 874 1723; x_wconf 84' lang='lat' dir='ltr'>tertiam</span> <span class='ocrx_word' id='word_1_130' title='bbox 906 1657 967 1721; x_wconf 92' lang='lat' dir='ltr'>sibi</span> <span class='ocrx_word' id='word_1_131' title='bbox 1001 1659 1158 1723; x_wconf 90' lang='lat' dir='ltr'>incertam</span> <span class='ocrx_word' id='word_1_132' title='bbox 1202 1678 1376 1741; x_wconf 87' lang='lat' dir='ltr'>personam</span> <span class='ocrx_word' id='word_1_133' title='bbox 1421 1663 1540 1728; x_wconf 86' lang='lat' dir='ltr'>referre</span> 
     </span>
     <span class='ocr_line' id='line_1_15' title="bbox 193 1745 1543 1828; baseline 0.001 -17"><span class='ocrx_word' id='word_1_134' title='bbox 193 1748 352 1825; x_wconf 88' lang='lat' dir='ltr'>maluerit,</span> <span class='ocrx_word' id='word_1_135' title='bbox 377 1754 413 1810; x_wconf 91' lang='lat' dir='ltr'>ut</span> <span class='ocrx_word' id='word_1_136' title='bbox 439 1747 557 1828; x_wconf 83' lang='lat' dir='ltr'>»pudet</span> <span class='ocrx_word' id='word_1_137' title='bbox 578 1764 648 1810; x_wconf 77' lang='lat' dir='ltr'>me«</span> <span class='ocrx_word' id='word_1_138' title='bbox 675 1745 741 1810; x_wconf 87' lang='lat' dir='ltr'>fere</span> <span class='ocrx_word' id='word_1_139' title='bbox 775 1745 861 1809; x_wconf 91' lang='lat' dir='ltr'>idem</span> <span class='ocrx_word' id='word_1_140' title='bbox 884 1751 969 1810; x_wconf 88' lang='lat' dir='ltr'>esset</span> <span class='ocrx_word' id='word_1_141' title='bbox 991 1763 1029 1809; x_wconf 87' lang='lat' dir='ltr'>ac</span> <span class='ocrx_word' id='word_1_142' title='bbox 1056 1747 1193 1824; x_wconf 74' lang='lat' dir='ltr'>»nescio</span> <span class='ocrx_word' id='word_1_143' title='bbox 1209 1747 1281 1828; x_wconf 91' lang='lat' dir='ltr'>quis</span> <span class='ocrx_word' id='word_1_144' title='bbox 1304 1748 1426 1828; x_wconf 90' lang='lat' dir='ltr'>pudore</span> <span class='ocrx_word' id='word_1_145' title='bbox 1456 1757 1543 1815; x_wconf 88' lang='lat' dir='ltr'>vetet</span> 
     </span>
     <span class='ocr_line' id='line_1_16' title="bbox 192 1833 1541 1916; baseline 0.003 -19"><span class='ocrx_word' id='word_1_146' title='bbox 192 1854 263 1899; x_wconf 77' lang='lat' dir='ltr'>me«</span> <span class='ocrx_word' id='word_1_147' title='bbox 291 1834 469 1916; x_wconf 90' lang='lat' dir='ltr'>eademque</span> <span class='ocrx_word' id='word_1_148' title='bbox 492 1834 570 1914; x_wconf 88' lang='lat' dir='ltr'>lege,</span> <span class='ocrx_word' id='word_1_149' title='bbox 595 1851 660 1914; x_wconf 90' lang='lat' dir='ltr'>qua</span> <span class='ocrx_word' id='word_1_150' title='bbox 682 1835 783 1897; x_wconf 88' lang='lat' dir='ltr'>verba</span> <span class='ocrx_word' id='word_1_151' title='bbox 815 1833 991 1910; x_wconf 84' lang='lat' dir='ltr'>causativa,</span> <span class='ocrx_word' id='word_1_152' title='bbox 1023 1833 1217 1898; x_wconf 82' lang='lat' dir='ltr'>infinitivum</span> <span class='ocrx_word' id='word_1_153' title='bbox 1240 1833 1429 1915; x_wconf 87' lang='lat' dir='ltr'>deposceret</span> <span class='ocrx_word' id='word_1_154' title='bbox 1451 1857 1541 1901; x_wconf 90' lang='lat' dir='ltr'>com·</span> 
     </span>
     <span class='ocr_line' id='line_1_17' title="bbox 192 1923 606 2004; baseline -0.002 -19"><span class='ocrx_word' id='word_1_155' title='bbox 192 1923 365 2004; x_wconf 88' lang='lat' dir='ltr'>plemento.</span> <span class='ocrx_word' id='word_1_156' title='bbox 603 1965 606 1976; x_wconf 22' lang='grc' dir='ltr'>κ</span> 
     </span>
     <span class='ocr_line' id='line_1_18' title="bbox 298 2004 1542 2090; baseline 0.004 -19"><span class='ocrx_word' id='word_1_157' title='bbox 298 2009 363 2074; x_wconf 88' lang='lat' dir='ltr'>Sed</span> <span class='ocrx_word' id='word_1_158' title='bbox 384 2005 644 2071; x_wconf 67' lang='lat' dir='ltr'>iam&#39;dioendum</span> <span class='ocrx_word' id='word_1_159' title='bbox 667 2012 716 2070; x_wconf 88' lang='lat' dir='ltr'>est</span> <span class='ocrx_word' id='word_1_160' title='bbox 739 2007 778 2070; x_wconf 91' lang='lat' dir='ltr'>de</span> <span class='ocrx_word' id='word_1_161' title='bbox 801 2004 908 2070; x_wconf 89' lang='lat' dir='ltr'>verbis</span> <span class='ocrx_word' id='word_1_162' title='bbox 940 2006 1123 2082; x_wconf 82' lang='lat' dir='ltr'>causativis,</span> <span class='ocrx_word' id='word_1_163' title='bbox 1159 2027 1244 2088; x_wconf 85' lang='lat' dir='ltr'>quae</span> <span class='ocrx_word' id='word_1_164' title='bbox 1266 2009 1331 2072; x_wconf 89' lang='lat' dir='ltr'>sint</span> <span class='ocrx_word' id='word_1_165' title='bbox 1355 2010 1417 2074; x_wconf 90' lang='lat' dir='ltr'>ista</span> <span class='ocrx_word' id='word_1_166' title='bbox 1431 2011 1542 2090; x_wconf 87' lang='lat' dir='ltr'>verba,</span> 
     </span>
     <span class='ocr_line' id='line_1_19' title="bbox 195 2093 1542 2179; baseline 0.003 -20"><span class='ocrx_word' id='word_1_167' title='bbox 195 2095 388 2177; x_wconf 86' lang='lat' dir='ltr'>qualemque</span> <span class='ocrx_word' id='word_1_168' title='bbox 419 2095 646 2174; x_wconf 83' lang='lat' dir='ltr'>cogitationem</span> <span class='ocrx_word' id='word_1_169' title='bbox 680 2093 828 2158; x_wconf 91' lang='lat' dir='ltr'>homines</span> <span class='ocrx_word' id='word_1_170' title='bbox 853 2094 960 2156; x_wconf 83' lang='lat' dir='ltr'>Latini</span> <span class='ocrx_word' id='word_1_171' title='bbox 983 2095 1092 2157; x_wconf 91' lang='lat' dir='ltr'>auimo</span> <span class='ocrx_word' id='word_1_172' title='bbox 1114 2094 1369 2163; x_wconf 73' lang='lat' dir='ltr'>informaverint,</span> <span class='ocrx_word' id='word_1_173' title='bbox 1399 2098 1485 2179; x_wconf 90' lang='lat' dir='ltr'>quod</span> <span class='ocrx_word' id='word_1_174' title='bbox 1509 2101 1542 2162; x_wconf 92' lang='lat' dir='ltr'>in</span> 
     </span>
     <span class='ocr_line' id='line_1_20' title="bbox 193 2180 1540 2266; baseline 0 -20"><span class='ocrx_word' id='word_1_175' title='bbox 193 2183 242 2248; x_wconf 91' lang='lat' dir='ltr'>eis</span> <span class='ocrx_word' id='word_1_176' title='bbox 266 2182 457 2246; x_wconf 88' lang='lat' dir='ltr'>admiserint</span> <span class='ocrx_word' id='word_1_177' title='bbox 479 2181 674 2244; x_wconf 81' lang='lat' dir='ltr'>infinitivum</span> <span class='ocrx_word' id='word_1_178' title='bbox 709 2180 798 2257; x_wconf 80' lang='lat' dir='ltr'>Quae</span> <span class='ocrx_word' id='word_1_179' title='bbox 822 2180 951 2261; x_wconf 89' lang='lat' dir='ltr'>quidem</span> <span class='ocrx_word' id='word_1_180' title='bbox 979 2199 1031 2245; x_wconf 91' lang='lat' dir='ltr'>res</span> <span class='ocrx_word' id='word_1_181' title='bbox 1061 2181 1252 2246; x_wconf 88' lang='lat' dir='ltr'>miserabilis</span> <span class='ocrx_word' id='word_1_182' title='bbox 1287 2184 1388 2250; x_wconf 88' lang='lat' dir='ltr'>videri</span> <span class='ocrx_word' id='word_1_183' title='bbox 1424 2191 1540 2266; x_wconf 91' lang='lat' dir='ltr'>potest,</span> 
     </span>
     <span class='ocr_line' id='line_1_21' title="bbox 194 2267 1544 2352; baseline 0.004 -20"><span class='ocrx_word' id='word_1_184' title='bbox 194 2276 347 2352; x_wconf 87' lang='lat' dir='ltr'>proptera</span> <span class='ocrx_word' id='word_1_185' title='bbox 370 2269 456 2352; x_wconf 90' lang='lat' dir='ltr'>quod</span> <span class='ocrx_word' id='word_1_186' title='bbox 480 2285 619 2350; x_wconf 87' lang='lat' dir='ltr'>persona</span> <span class='ocrx_word' id='word_1_187' title='bbox 642 2267 694 2331; x_wconf 85' lang='lat' dir='ltr'>hie</span> <span class='ocrx_word' id='word_1_188' title='bbox 716 2285 790 2330; x_wconf 93' lang='lat' dir='ltr'>cum</span> <span class='ocrx_word' id='word_1_189' title='bbox 825 2267 963 2346; x_wconf 88' lang='lat' dir='ltr'>actione,</span> <span class='ocrx_word' id='word_1_190' title='bbox 997 2285 1080 2350; x_wconf 89' lang='lat' dir='ltr'>quae</span> <span class='ocrx_word' id='word_1_191' title='bbox 1103 2269 1342 2348; x_wconf 88' lang='lat' dir='ltr'>adsignificatur</span> <span class='ocrx_word' id='word_1_192' title='bbox 1375 2272 1544 2351; x_wconf 84' lang='lat' dir='ltr'>infinitivo,</span> 
     </span>
     <span class='ocr_line' id='line_1_22' title="bbox 193 2354 1540 2439; baseline 0.002 -20"><span class='ocrx_word' id='word_1_193' title='bbox 193 2357 240 2421; x_wconf 90' lang='lat' dir='ltr'>nil</span> <span class='ocrx_word' id='word_1_194' title='bbox 263 2374 283 2419; x_wconf 92' lang='lat' dir='ltr'>a</span> <span class='ocrx_word' id='word_1_195' title='bbox 307 2357 412 2439; x_wconf 93' lang='lat' dir='ltr'>primo</span> <span class='ocrx_word' id='word_1_196' title='bbox 436 2372 608 2419; x_wconf 90' lang='lat' dir='ltr'>commune</span> <span class='ocrx_word' id='word_1_197' title='bbox 631 2354 739 2419; x_wconf 84' lang='lat' dir='ltr'>habet.</span> <span class='ocrx_word' id='word_1_198' title='bbox 763 2354 888 2418; x_wconf 88' lang='lat' dir='ltr'>Etenim</span> <span class='ocrx_word' id='word_1_199' title='bbox 911 2354 973 2418; x_wconf 91' lang='lat' dir='ltr'>hoc</span> <span class='ocrx_word' id='word_1_200' title='bbox 997 2355 1172 2418; x_wconf 92' lang='lat' dir='ltr'>tenendum</span> <span class='ocrx_word' id='word_1_201' title='bbox 1196 2363 1244 2420; x_wconf 89' lang='lat' dir='ltr'>est</span> <span class='ocrx_word' id='word_1_202' title='bbox 1275 2357 1309 2420; x_wconf 91' lang='lat' dir='ltr'>in</span> <span class='ocrx_word' id='word_1_203' title='bbox 1343 2359 1389 2422; x_wconf 91' lang='lat' dir='ltr'>eis</span> <span class='ocrx_word' id='word_1_204' title='bbox 1422 2361 1540 2436; x_wconf 89' lang='lat' dir='ltr'>verbis,</span> 
     </span>
     <span class='ocr_line' id='line_1_23' title="bbox 194 2441 1543 2528; baseline 0.001 -21"><span class='ocrx_word' id='word_1_205' title='bbox 194 2462 369 2526; x_wconf 88' lang='lat' dir='ltr'>personam</span> <span class='ocrx_word' id='word_1_206' title='bbox 392 2443 437 2506; x_wconf 87' lang='lat' dir='ltr'>ita</span> <span class='ocrx_word' id='word_1_207' title='bbox 460 2442 501 2505; x_wconf 89' lang='lat' dir='ltr'>ad</span> <span class='ocrx_word' id='word_1_208' title='bbox 525 2443 686 2506; x_wconf 87' lang='lat' dir='ltr'>actionem</span> <span class='ocrx_word' id='word_1_209' title='bbox 723 2441 860 2520; x_wconf 83' lang='lat' dir='ltr'>incitari,</span> <span class='ocrx_word' id='word_1_210' title='bbox 895 2446 931 2504; x_wconf 86' lang='lat' dir='ltr'>ut</span> <span class='ocrx_word' id='word_1_211' title='bbox 965 2441 1096 2504; x_wconf 91' lang='lat' dir='ltr'>demum</span> <span class='ocrx_word' id='word_1_212' title='bbox 1131 2443 1304 2524; x_wconf 87' lang='lat' dir='ltr'>aliquando</span> <span class='ocrx_word' id='word_1_213' title='bbox 1341 2445 1409 2510; x_wconf 84' lang='lat' dir='ltr'>fieri</span> <span class='ocrx_word' id='word_1_214' title='bbox 1438 2448 1543 2528; x_wconf 91' lang='lat' dir='ltr'>possit</span> 
     </span>
     <span class='ocr_line' id='line_1_24' title="bbox 199 2528 1542 2612; baseline 0.002 -18"><span class='ocrx_word' id='word_1_215' title='bbox 199 2530 441 2608; x_wconf 79' lang='lat' dir='ltr'>»subiectum«;</span> <span class='ocrx_word' id='word_1_216' title='bbox 466 2547 567 2609; x_wconf 87' lang='lat' dir='ltr'>quare</span> <span class='ocrx_word' id='word_1_217' title='bbox 590 2528 695 2592; x_wconf 86' lang='lat' dir='ltr'>Latini</span> <span class='ocrx_word' id='word_1_218' title='bbox 717 2546 814 2610; x_wconf 90' lang='lat' dir='ltr'>saepe</span> <span class='ocrx_word' id='word_1_219' title='bbox 837 2546 910 2592; x_wconf 89' lang='lat' dir='ltr'>eam</span> <span class='ocrx_word' id='word_1_220' title='bbox 941 2535 1030 2592; x_wconf 89' lang='lat' dir='ltr'>recto</span> <span class='ocrx_word' id='word_1_221' title='bbox 1062 2547 1140 2592; x_wconf 89' lang='lat' dir='ltr'>casu</span> <span class='ocrx_word' id='word_1_222' title='bbox 1173 2531 1406 2612; x_wconf 83' lang='lat' dir='ltr'>exprimebant,</span> <span class='ocrx_word' id='word_1_223' title='bbox 1441 2534 1542 2598; x_wconf 90' lang='lat' dir='ltr'>actio-</span> 
     </span>
     <span class='ocr_line' id='line_1_25' title="bbox 193 2613 1542 2696; baseline 0.001 -15"><span class='ocrx_word' id='word_1_224' title='bbox 193 2637 269 2682; x_wconf 91' lang='lat' dir='ltr'>nem</span> <span class='ocrx_word' id='word_1_225' title='bbox 293 2616 493 2681; x_wconf 86' lang='lat' dir='ltr'>denotabant</span> <span class='ocrx_word' id='word_1_226' title='bbox 515 2615 615 2680; x_wconf 91' lang='lat' dir='ltr'>verbo</span> <span class='ocrx_word' id='word_1_227' title='bbox 637 2615 737 2692; x_wconf 88' lang='lat' dir='ltr'>finito,</span> <span class='ocrx_word' id='word_1_228' title='bbox 762 2616 826 2678; x_wconf 82' lang='lat' dir='ltr'>vim</span> <span class='ocrx_word' id='word_1_229' title='bbox 848 2613 948 2680; x_wconf 89' lang='lat' dir='ltr'>futuri</span> <span class='ocrx_word' id='word_1_230' title='bbox 970 2634 1068 2696; x_wconf 90' lang='lat' dir='ltr'>quam</span> <span class='ocrx_word' id='word_1_231' title='bbox 1092 2618 1225 2682; x_wconf 92' lang='lat' dir='ltr'>omnino</span> <span class='ocrx_word' id='word_1_232' title='bbox 1259 2618 1380 2685; x_wconf 88' lang='lat' dir='ltr'>habere</span> <span class='ocrx_word' id='word_1_233' title='bbox 1413 2627 1542 2685; x_wconf 92' lang='lat' dir='ltr'>senten-</span> 
     </span>
     <span class='ocr_line' id='line_1_26' title="bbox 191 2701 1546 2792; baseline 0.001 -24"><span class='ocrx_word' id='word_1_234' title='bbox 191 2705 271 2768; x_wconf 87' lang='lat' dir='ltr'>tiam</span> <span class='ocrx_word' id='word_1_235' title='bbox 295 2703 465 2785; x_wconf 87' lang='lat' dir='ltr'>oportebat</span> <span class='ocrx_word' id='word_1_236' title='bbox 486 2702 643 2784; x_wconf 90' lang='lat' dir='ltr'>particula</span> <span class='ocrx_word' id='word_1_237' title='bbox 665 2721 749 2783; x_wconf 90' lang='lat' dir='ltr'>quae</span> <span class='ocrx_word' id='word_1_238' title='bbox 770 2707 847 2784; x_wconf 86' lang='lat' dir='ltr'>apta</span> <span class='ocrx_word' id='word_1_239' title='bbox 878 2701 1049 2766; x_wconf 88' lang='lat' dir='ltr'>videbatur</span> <span class='ocrx_word' id='word_1_240' title='bbox 1070 2703 1262 2784; x_wconf 85' lang='lat' dir='ltr'>effingebant</span> <span class='ocrx_word' id='word_1_241' title='bbox 1288 2704 1415 2789; x_wconf 82' lang='lat' dir='ltr'>(inpero</span> <span class='ocrx_word' id='word_1_242' title='bbox 1450 2706 1546 2792; x_wconf 87' lang='lat' dir='ltr'>(tibi),</span> 
     </span>
     <span class='ocr_line' id='line_1_27' title="bbox 196 2789 1544 2875; baseline 0.002 -20"><span class='ocrx_word' id='word_1_243' title='bbox 196 2799 232 2855; x_wconf 91' lang='lat' dir='ltr'>ut</span> <span class='ocrx_word' id='word_1_244' title='bbox 254 2790 332 2874; x_wconf 67' lang='lat' dir='ltr'>easl:</span> <span class='ocrx_word' id='word_1_245' title='bbox 357 2791 419 2854; x_wconf 89' lang='lat' dir='ltr'>hac</span> <span class='ocrx_word' id='word_1_246' title='bbox 441 2797 509 2854; x_wconf 90' lang='lat' dir='ltr'>arte</span> <span class='ocrx_word' id='word_1_247' title='bbox 532 2796 720 2854; x_wconf 89' lang='lat' dir='ltr'>struxerunt</span> <span class='ocrx_word' id='word_1_248' title='bbox 734 2790 785 2853; x_wconf 86' lang='lat' dir='ltr'>¹illi</span> <span class='ocrx_word' id='word_1_249' title='bbox 808 2789 938 2870; x_wconf 90' lang='lat' dir='ltr'>quidem</span> <span class='ocrx_word' id='word_1_250' title='bbox 962 2791 1141 2855; x_wconf 87' lang='lat' dir='ltr'>orationem</span> <span class='ocrx_word' id='word_1_251' title='bbox 1172 2798 1244 2872; x_wconf 93' lang='lat' dir='ltr'>post</span> <span class='ocrx_word' id='word_1_252' title='bbox 1276 2793 1377 2858; x_wconf 90' lang='lat' dir='ltr'>verba</span> <span class='ocrx_word' id='word_1_253' title='bbox 1403 2813 1544 2875; x_wconf 73' lang='lat' dir='ltr'>»eogere</span> 
     </span>
     <span class='ocr_line' id='line_1_28' title="bbox 197 2875 1546 2960; baseline 0.004 -20"><span class='ocrx_word' id='word_1_254' title='bbox 197 2896 340 2956; x_wconf 87' lang='lat' dir='ltr'>monere,</span> <span class='ocrx_word' id='word_1_255' title='bbox 364 2877 496 2954; x_wconf 90' lang='lat' dir='ltr'>hortari,</span> <span class='ocrx_word' id='word_1_256' title='bbox 532 2875 692 2958; x_wconf 83' lang='lat' dir='ltr'>inperare,</span> <span class='ocrx_word' id='word_1_257' title='bbox 726 2876 880 2958; x_wconf 87' lang='lat' dir='ltr'>inpedire,</span> <span class='ocrx_word' id='word_1_258' title='bbox 903 2876 1104 2958; x_wconf 76' lang='lat' dir='ltr'>prohibere«.</span> <span class='ocrx_word' id='word_1_259' title='bbox 1128 2878 1332 2960; x_wconf 89' lang='lat' dir='ltr'>Quamquam</span> <span class='ocrx_word' id='word_1_260' title='bbox 1363 2882 1448 2945; x_wconf 93' lang='lat' dir='ltr'>idem</span> <span class='ocrx_word' id='word_1_261' title='bbox 1480 2899 1546 2946; x_wconf 91' lang='lat' dir='ltr'>non</span> 
     </span>
     <span class='ocr_line' id='line_1_29' title="bbox 196 2963 1545 3052; baseline 0.003 -23"><span class='ocrx_word' id='word_1_262' title='bbox 196 2966 280 3030; x_wconf 89' lang='lat' dir='ltr'>adeo</span> <span class='ocrx_word' id='word_1_263' title='bbox 303 2971 417 3029; x_wconf 90' lang='lat' dir='ltr'>tenues</span> <span class='ocrx_word' id='word_1_264' title='bbox 440 2970 538 3045; x_wconf 90' lang='lat' dir='ltr'>atque</span> <span class='ocrx_word' id='word_1_265' title='bbox 561 2963 676 3044; x_wconf 90' lang='lat' dir='ltr'>opibus</span> <span class='ocrx_word' id='word_1_266' title='bbox 699 2963 842 3027; x_wconf 89' lang='lat' dir='ltr'>destituti</span> <span class='ocrx_word' id='word_1_267' title='bbox 864 2963 1004 3042; x_wconf 81' lang='lat' dir='ltr'>fuerunt,</span> <span class='ocrx_word' id='word_1_268' title='bbox 1028 2970 1152 3029; x_wconf 90' lang='lat' dir='ltr'>utnon</span> <span class='ocrx_word' id='word_1_269' title='bbox 1175 2974 1307 3046; x_wconf 87' lang='lat' dir='ltr'>possent</span> <span class='ocrx_word' id='word_1_270' title='bbox 1329 2969 1427 3032; x_wconf 90' lang='lat' dir='ltr'>aliam</span> <span class='ocrx_word' id='word_1_271' title='bbox 1465 2988 1545 3052; x_wconf 92' lang='lat' dir='ltr'>quo-</span> 
     </span>
     <span class='ocr_line' id='line_1_30' title="bbox 198 3049 1543 3137; baseline 0.004 -22"><span class='ocrx_word' id='word_1_272' title='bbox 198 3071 261 3134; x_wconf 90' lang='lat' dir='ltr'>que</span> <span class='ocrx_word' id='word_1_273' title='bbox 285 3052 396 3117; x_wconf 90' lang='lat' dir='ltr'>itidem</span> <span class='ocrx_word' id='word_1_274' title='bbox 420 3051 596 3116; x_wconf 88' lang='lat' dir='ltr'>iucundam</span> <span class='ocrx_word' id='word_1_275' title='bbox 618 3050 781 3116; x_wconf 84' lang='lat' dir='ltr'>iuvenire:</span> <span class='ocrx_word' id='word_1_276' title='bbox 806 3049 861 3113; x_wconf 89' lang='lat' dir='ltr'>via</span> <span class='ocrx_word' id='word_1_277' title='bbox 883 3050 943 3114; x_wconf 87' lang='lat' dir='ltr'>fuit</span> <span class='ocrx_word' id='word_1_278' title='bbox 965 3051 1042 3132; x_wconf 90' lang='lat' dir='ltr'>ipsis</span> <span class='ocrx_word' id='word_1_279' title='bbox 1065 3071 1124 3132; x_wconf 88' lang='lat' dir='ltr'>per</span> <span class='ocrx_word' id='word_1_280' title='bbox 1157 3053 1410 3134; x_wconf 89' lang='lat' dir='ltr'>similitudinem,</span> <span class='ocrx_word' id='word_1_281' title='bbox 1445 3075 1543 3137; x_wconf 87' lang='lat' dir='ltr'>quam</span> 
     </span>
     <span class='ocr_line' id='line_1_31' title="bbox 196 3137 1547 3224; baseline 0.003 -21"><span class='ocrx_word' id='word_1_282' title='bbox 196 3142 303 3204; x_wconf 87' lang='lat' dir='ltr'>inesse</span> <span class='ocrx_word' id='word_1_283' title='bbox 327 3139 388 3202; x_wconf 93' lang='lat' dir='ltr'>illis</span> <span class='ocrx_word' id='word_1_284' title='bbox 411 3139 518 3204; x_wconf 90' lang='lat' dir='ltr'>verbis</span> <span class='ocrx_word' id='word_1_285' title='bbox 543 3157 616 3202; x_wconf 91' lang='lat' dir='ltr'>cum</span> <span class='ocrx_word' id='word_1_286' title='bbox 641 3137 850 3201; x_wconf 87' lang='lat' dir='ltr'>auxiliaribus</span> <span class='ocrx_word' id='word_1_287' title='bbox 882 3137 1189 3204; x_wconf 87' lang='lat' dir='ltr'>animadverterunt.</span> <span class='ocrx_word' id='word_1_288' title='bbox 1225 3143 1274 3206; x_wconf 85' lang='lat' dir='ltr'>lta</span> <span class='ocrx_word' id='word_1_289' title='bbox 1307 3143 1392 3207; x_wconf 90' lang='lat' dir='ltr'>enim</span> <span class='ocrx_word' id='word_1_290' title='bbox 1428 3162 1547 3224; x_wconf 89' lang='lat' dir='ltr'>expeu-</span> 
     </span>
     <span class='ocr_line' id='line_1_32' title="bbox 195 3225 1547 3311; baseline 0.001 -20"><span class='ocrx_word' id='word_1_291' title='bbox 195 3228 318 3292; x_wconf 88' lang='lat' dir='ltr'>debant</span> <span class='ocrx_word' id='word_1_292' title='bbox 358 3234 457 3307; x_wconf 89' lang='lat' dir='ltr'>atque</span> <span class='ocrx_word' id='word_1_293' title='bbox 487 3225 691 3289; x_wconf 88' lang='lat' dir='ltr'>iudicabant:</span> <span class='ocrx_word' id='word_1_294' title='bbox 726 3225 910 3305; x_wconf 85' lang='lat' dir='ltr'>quicunque</span> <span class='ocrx_word' id='word_1_295' title='bbox 944 3232 1072 3304; x_wconf 87' lang='lat' dir='ltr'>cogeret</span> <span class='ocrx_word' id='word_1_296' title='bbox 1109 3227 1160 3290; x_wconf 87' lang='lat' dir='ltr'>vel</span> <span class='ocrx_word' id='word_1_297' title='bbox 1192 3229 1332 3309; x_wconf 88' lang='lat' dir='ltr'>aliquem</span> <span class='ocrx_word' id='word_1_298' title='bbox 1363 3230 1547 3311; x_wconf 88' lang='lat' dir='ltr'>prohiberet</span> 
     </span>
     <span class='ocr_line' id='line_1_33' title="bbox 193 3312 1544 3398; baseline 0.001 -20"><span class='ocrx_word' id='word_1_299' title='bbox 193 3315 334 3393; x_wconf 89' lang='lat' dir='ltr'>actione,</span> <span class='ocrx_word' id='word_1_300' title='bbox 359 3332 435 3378; x_wconf 92' lang='lat' dir='ltr'>eum</span> <span class='ocrx_word' id='word_1_301' title='bbox 459 3312 534 3376; x_wconf 92' lang='lat' dir='ltr'>huic</span> <span class='ocrx_word' id='word_1_302' title='bbox 557 3312 618 3393; x_wconf 92' lang='lat' dir='ltr'>ipsi</span> <span class='ocrx_word' id='word_1_303' title='bbox 642 3317 698 3375; x_wconf 92' lang='lat' dir='ltr'>aut</span> <span class='ocrx_word' id='word_1_304' title='bbox 721 3329 836 3393; x_wconf 87' lang='lat' dir='ltr'>parare</span> <span class='ocrx_word' id='word_1_305' title='bbox 860 3312 1086 3376; x_wconf 88' lang='lat' dir='ltr'>necessitatem</span> <span class='ocrx_word' id='word_1_306' title='bbox 1120 3320 1176 3377; x_wconf 90' lang='lat' dir='ltr'>aut</span> <span class='ocrx_word' id='word_1_307' title='bbox 1207 3318 1321 3396; x_wconf 91' lang='lat' dir='ltr'>agendi</span> <span class='ocrx_word' id='word_1_308' title='bbox 1352 3323 1544 3398; x_wconf 91' lang='lat' dir='ltr'>potestatem</span> 
     </span>
     <span class='ocr_line' id='line_1_34' title="bbox 195 3399 1544 3482; baseline 0.005 -19"><span class='ocrx_word' id='word_1_309' title='bbox 195 3401 340 3465; x_wconf 88' lang='lat' dir='ltr'>adimere</span> <span class='ocrx_word' id='word_1_310' title='bbox 363 3399 556 3464; x_wconf 88' lang='lat' dir='ltr'>adumbrata</span> <span class='ocrx_word' id='word_1_311' title='bbox 586 3399 718 3463; x_wconf 89' lang='lat' dir='ltr'>notione</span> <span class='ocrx_word' id='word_1_312' title='bbox 734 3445 735 3450; x_wconf 17' lang='grc' dir='ltr'>η</span> <span class='ocrx_word' id='word_1_313' title='bbox 753 3399 968 3477; x_wconf 85' lang='lat' dir='ltr'>instrumenti,</span> <span class='ocrx_word' id='word_1_314' title='bbox 1015 3400 1106 3464; x_wconf 88' lang='lat' dir='ltr'>cuius</span> <span class='ocrx_word' id='word_1_315' title='bbox 1151 3402 1415 3482; x_wconf 88' lang='lat' dir='ltr'>significationem</span> <span class='ocrx_word' id='word_1_316' title='bbox 1463 3405 1544 3470; x_wconf 89' lang='lat' dir='ltr'>aliae</span> 
     </span>
     <span class='ocr_line' id='line_1_35' title="bbox 196 3484 1546 3572; baseline 0.002 -22"><span class='ocrx_word' id='word_1_317' title='bbox 196 3487 324 3566; x_wconf 89' lang='lat' dir='ltr'>linguae</span> <span class='ocrx_word' id='word_1_318' title='bbox 347 3487 495 3551; x_wconf 89' lang='lat' dir='ltr'>omittere</span> <span class='ocrx_word' id='word_1_319' title='bbox 519 3491 654 3567; x_wconf 86' lang='lat' dir='ltr'>possunt</span> <span class='ocrx_word' id='word_1_320' title='bbox 676 3485 728 3550; x_wconf 90' lang='lat' dir='ltr'>vel</span> <span class='ocrx_word' id='word_1_321' title='bbox 750 3484 791 3549; x_wconf 91' lang='lat' dir='ltr'>ab</span> <span class='ocrx_word' id='word_1_322' title='bbox 814 3485 906 3550; x_wconf 88' lang='lat' dir='ltr'>initio</span> <span class='ocrx_word' id='word_1_323' title='bbox 930 3505 996 3550; x_wconf 91' lang='lat' dir='ltr'>non</span> <span class='ocrx_word' id='word_1_324' title='bbox 1019 3487 1183 3572; x_wconf 86' lang='lat' dir='ltr'>adduut³);</span> <span class='ocrx_word' id='word_1_325' title='bbox 1207 3491 1282 3556; x_wconf 91' lang='lat' dir='ltr'>inde</span> <span class='ocrx_word' id='word_1_326' title='bbox 1304 3492 1346 3555; x_wconf 90' lang='lat' dir='ltr'>ad</span> <span class='ocrx_word' id='word_1_327' title='bbox 1369 3510 1424 3556; x_wconf 88' lang='lat' dir='ltr'>eas</span> <span class='ocrx_word' id='word_1_328' title='bbox 1448 3491 1546 3572; x_wconf 76' lang='lat' dir='ltr'>ipsaS,</span> 
     </span>
     <span class='ocr_line' id='line_1_36' title="bbox 198 3572 1545 3658; baseline 0.004 -22"><span class='ocrx_word' id='word_1_329' title='bbox 198 3591 279 3654; x_wconf 89' lang='lat' dir='ltr'>quas</span> <span class='ocrx_word' id='word_1_330' title='bbox 302 3581 409 3638; x_wconf 90' lang='lat' dir='ltr'>mente</span> <span class='ocrx_word' id='word_1_331' title='bbox 432 3572 642 3637; x_wconf 89' lang='lat' dir='ltr'>intuebantur</span> <span class='ocrx_word' id='word_1_332' title='bbox 664 3572 821 3648; x_wconf 88' lang='lat' dir='ltr'>notiones,</span> <span class='ocrx_word' id='word_1_333' title='bbox 836 3574 1015 3637; x_wconf 90' lang='lat' dir='ltr'>orationem</span> <span class='ocrx_word' id='word_1_334' title='bbox 1040 3577 1132 3655; x_wconf 88' lang='lat' dir='ltr'>quasi</span> <span class='ocrx_word' id='word_1_335' title='bbox 1156 3577 1328 3658; x_wconf 89' lang='lat' dir='ltr'>dirigentes</span> <span class='ocrx_word' id='word_1_336' title='bbox 1351 3578 1545 3641; x_wconf 86' lang='lat' dir='ltr'>infinitivum</span> 
     </span>
     <span class='ocr_line' id='line_1_37' title="bbox 195 3659 1548 3746; baseline 0.002 -22"><span class='ocrx_word' id='word_1_337' title='bbox 195 3659 414 3725; x_wconf 87' lang='lat' dir='ltr'>conlocabaut</span> <span class='ocrx_word' id='word_1_338' title='bbox 436 3665 595 3741; x_wconf 90' lang='lat' dir='ltr'>oportune</span> <span class='ocrx_word' id='word_1_339' title='bbox 619 3660 660 3723; x_wconf 89' lang='lat' dir='ltr'>ad</span> <span class='ocrx_word' id='word_1_340' title='bbox 674 3661 849 3724; x_wconf 89' lang='lat' dir='ltr'>verborum</span> <span class='ocrx_word' id='word_1_341' title='bbox 872 3660 1077 3726; x_wconf 86' lang='lat' dir='ltr'>auxiliarium</span> <span class='ocrx_word' id='word_1_342' title='bbox 1099 3663 1268 3742; x_wconf 65' lang='lat' dir='ltr'>radonem,</span> <span class='ocrx_word' id='word_1_343' title='bbox 1292 3665 1324 3728; x_wconf 92' lang='lat' dir='ltr'>id</span> <span class='ocrx_word' id='word_1_344' title='bbox 1359 3665 1445 3746; x_wconf 87' lang='lat' dir='ltr'>quod</span> <span class='ocrx_word' id='word_1_345' title='bbox 1480 3665 1548 3728; x_wconf 79' lang='lat' dir='ltr'>fieri</span> 
     </span>
     <span class='ocr_line' id='line_1_38' title="bbox 199 3745 1546 3833; baseline 0.003 -22"><span class='ocrx_word' id='word_1_346' title='bbox 199 3747 344 3829; x_wconf 89' lang='lat' dir='ltr'>potuisse</span> <span class='ocrx_word' id='word_1_347' title='bbox 367 3745 421 3809; x_wconf 90' lang='lat' dir='ltr'>illa</span> <span class='ocrx_word' id='word_1_348' title='bbox 442 3747 513 3827; x_wconf 90' lang='lat' dir='ltr'>ipsa</span> <span class='ocrx_word' id='word_1_349' title='bbox 534 3746 635 3811; x_wconf 90' lang='lat' dir='ltr'>verba</span> <span class='ocrx_word' id='word_1_350' title='bbox 657 3746 784 3829; x_wconf 88' lang='lat' dir='ltr'>passive</span> <span class='ocrx_word' id='word_1_351' title='bbox 808 3746 894 3811; x_wconf 86' lang='lat' dir='ltr'>dieta</span> <span class='ocrx_word' id='word_1_352' title='bbox 916 3747 1140 3813; x_wconf 90' lang='lat' dir='ltr'>demonstrant</span> <span class='ocrx_word' id='word_1_353' title='bbox 1164 3749 1256 3833; x_wconf 86' lang='lat' dir='ltr'>(cogo</span> <span class='ocrx_word' id='word_1_354' title='bbox 1279 3758 1310 3816; x_wconf 92' lang='lat' dir='ltr'>te</span> <span class='ocrx_word' id='word_1_355' title='bbox 1333 3753 1453 3828; x_wconf 81' lang='lat' dir='ltr'>venire,</span> <span class='ocrx_word' id='word_1_356' title='bbox 1491 3771 1546 3815; x_wconf 89' lang='lat' dir='ltr'>co-</span> 
     </span>
     <span class='ocr_line' id='line_1_39' title="bbox 196 3833 1549 3920; baseline 0.002 -22"><span class='ocrx_word' id='word_1_357' title='bbox 196 3835 282 3915; x_wconf 89' lang='lat' dir='ltr'>geris</span> <span class='ocrx_word' id='word_1_358' title='bbox 305 3833 441 3917; x_wconf 89' lang='lat' dir='ltr'>venire).</span> <span class='ocrx_word' id='word_1_359' title='bbox 455 3833 560 3914; x_wconf 80' lang='lat' dir='ltr'>Atque</span> <span class='ocrx_word' id='word_1_360' title='bbox 584 3834 714 3897; x_wconf 89' lang='lat' dir='ltr'>Latinos</span> <span class='ocrx_word' id='word_1_361' title='bbox 738 3835 799 3897; x_wconf 89' lang='lat' dir='ltr'>hac</span> <span class='ocrx_word' id='word_1_362' title='bbox 822 3840 984 3899; x_wconf 88' lang='lat' dir='ltr'>structura</span> <span class='ocrx_word' id='word_1_363' title='bbox 1007 3854 1104 3918; x_wconf 91' lang='lat' dir='ltr'>saepe</span> <span class='ocrx_word' id='word_1_364' title='bbox 1127 3838 1263 3901; x_wconf 89' lang='lat' dir='ltr'>laetatos</span> <span class='ocrx_word' id='word_1_365' title='bbox 1278 3858 1349 3903; x_wconf 90' lang='lat' dir='ltr'>esse</span> <span class='ocrx_word' id='word_1_366' title='bbox 1364 3846 1436 3920; x_wconf 90' lang='lat' dir='ltr'>post</span> <span class='ocrx_word' id='word_1_367' title='bbox 1449 3838 1549 3903; x_wconf 83' lang='lat' dir='ltr'>verba</span> 
     </span>
     <span class='ocr_line' id='line_1_40' title="bbox 200 3920 1547 4008; baseline 0.004 -24"><span class='ocrx_word' id='word_1_368' title='bbox 200 3939 284 4002; x_wconf 90' lang='lat' dir='ltr'>quae</span> <span class='ocrx_word' id='word_1_369' title='bbox 307 3939 407 4002; x_wconf 89' lang='lat' dir='ltr'>supra</span> <span class='ocrx_word' id='word_1_370' title='bbox 430 3920 516 3983; x_wconf 92' lang='lat' dir='ltr'>dicta</span> <span class='ocrx_word' id='word_1_371' title='bbox 538 3927 623 3999; x_wconf 91' lang='lat' dir='ltr'>suut,</span> <span class='ocrx_word' id='word_1_372' title='bbox 646 3926 717 3984; x_wconf 90' lang='lat' dir='ltr'>tum</span> <span class='ocrx_word' id='word_1_373' title='bbox 740 3920 809 3985; x_wconf 91' lang='lat' dir='ltr'>sola</span> <span class='ocrx_word' id='word_1_374' title='bbox 832 3927 864 3986; x_wconf 91' lang='lat' dir='ltr'>et</span> <span class='ocrx_word' id='word_1_375' title='bbox 887 3940 952 3986; x_wconf 89' lang='lat' dir='ltr'>una</span> <span class='ocrx_word' id='word_1_376' title='bbox 982 3928 1014 3986; x_wconf 86' lang='lat' dir='ltr'>et</span> <span class='ocrx_word' id='word_1_377' title='bbox 1045 3924 1159 3988; x_wconf 90' lang='lat' dir='ltr'>eodem</span> <span class='ocrx_word' id='word_1_378' title='bbox 1193 3925 1262 3988; x_wconf 89' lang='lat' dir='ltr'>iure</span> <span class='ocrx_word' id='word_1_379' title='bbox 1293 3932 1367 4008; x_wconf 90' lang='lat' dir='ltr'>post</span> <span class='ocrx_word' id='word_1_380' title='bbox 1403 3927 1547 4002; x_wconf 70' lang='lat' dir='ltr'>»docere</span> 
     </span>
     <span class='ocr_line' id='line_1_41' title="bbox 198 4006 1548 4092; baseline 0.002 -20"><span class='ocrx_word' id='word_1_381' title='bbox 198 4008 419 4078; x_wconf 85' lang='lat' dir='ltr'>adsuefacere,</span> <span class='ocrx_word' id='word_1_382' title='bbox 443 4006 564 4074; x_wconf 86' lang='lat' dir='ltr'>iubere.</span> <span class='ocrx_word' id='word_1_383' title='bbox 586 4008 702 4086; x_wconf 91' lang='lat' dir='ltr'>sinere,</span> <span class='ocrx_word' id='word_1_384' title='bbox 726 4009 802 4090; x_wconf 81' lang='lat' dir='ltr'>pati,</span> <span class='ocrx_word' id='word_1_385' title='bbox 823 4027 966 4089; x_wconf 82' lang='lat' dir='ltr'>arguere,</span> <span class='ocrx_word' id='word_1_386' title='bbox 981 4008 1184 4074; x_wconf 79' lang='lat' dir='ltr'>insimulare«</span> <span class='ocrx_word' id='word_1_387' title='bbox 1212 4011 1291 4092; x_wconf 82' lang='lat' dir='ltr'>nibil</span> <span class='ocrx_word' id='word_1_388' title='bbox 1317 4013 1382 4078; x_wconf 83' lang='lat' dir='ltr'>lere</span> <span class='ocrx_word' id='word_1_389' title='bbox 1406 4020 1464 4091; x_wconf 87' lang='lat' dir='ltr'>est,</span> <span class='ocrx_word' id='word_1_390' title='bbox 1490 4031 1548 4076; x_wconf 88' lang='lat' dir='ltr'>cur</span> 
     </span>
     <span class='ocr_line' id='line_1_42' title="bbox 198 4095 1549 4178; baseline 0.001 -20"><span class='ocrx_word' id='word_1_391' title='bbox 198 4113 368 4159; x_wconf 92' lang='lat' dir='ltr'>moneam:</span> <span class='ocrx_word' id='word_1_392' title='bbox 406 4095 469 4159; x_wconf 88' lang='lat' dir='ltr'>hoc</span> <span class='ocrx_word' id='word_1_393' title='bbox 507 4095 609 4158; x_wconf 87' lang='lat' dir='ltr'>solum</span> <span class='ocrx_word' id='word_1_394' title='bbox 648 4096 761 4161; x_wconf 89' lang='lat' dir='ltr'>videor</span> <span class='ocrx_word' id='word_1_395' title='bbox 797 4096 862 4159; x_wconf 86' lang='lat' dir='ltr'>iam</span> <span class='ocrx_word' id='word_1_396' title='bbox 901 4097 994 4176; x_wconf 89' lang='lat' dir='ltr'>quasi</span> <span class='ocrx_word' id='word_1_397' title='bbox 1030 4097 1100 4160; x_wconf 89' lang='lat' dir='ltr'>iure</span> <span class='ocrx_word' id='word_1_398' title='bbox 1124 4115 1197 4161; x_wconf 89' lang='lat' dir='ltr'>meo</span> <span class='ocrx_word' id='word_1_399' title='bbox 1220 4100 1395 4178; x_wconf 86' lang='lat' dir='ltr'>vindicare,</span> <span class='ocrx_word' id='word_1_400' title='bbox 1426 4106 1461 4161; x_wconf 92' lang='lat' dir='ltr'>ut</span> <span class='ocrx_word' id='word_1_401' title='bbox 1493 4117 1549 4164; x_wconf 89' lang='lat' dir='ltr'>eos</span> 
     </span>
     <span class='ocr_line' id='line_1_43' title="bbox 198 4183 1548 4264; baseline 0.003 -20"><span class='ocrx_word' id='word_1_402' title='bbox 198 4183 254 4262; x_wconf 89' lang='lat' dir='ltr'>qui</span> <span class='ocrx_word' id='word_1_403' title='bbox 276 4183 357 4247; x_wconf 86' lang='lat' dir='ltr'>haec</span> <span class='ocrx_word' id='word_1_404' title='bbox 380 4183 508 4246; x_wconf 90' lang='lat' dir='ltr'>sinistre</span> <span class='ocrx_word' id='word_1_405' title='bbox 544 4183 690 4264; x_wconf 88' lang='lat' dir='ltr'>accipere</span> <span class='ocrx_word' id='word_1_406' title='bbox 720 4184 844 4264; x_wconf 90' lang='lat' dir='ltr'>possint</span> <span class='ocrx_word' id='word_1_407' title='bbox 874 4184 972 4248; x_wconf 90' lang='lat' dir='ltr'>etiam</span> <span class='ocrx_word' id='word_1_408' title='bbox 1003 4184 1165 4263; x_wconf 88' lang='lat' dir='ltr'>etiamque</span> <span class='ocrx_word' id='word_1_409' title='bbox 1197 4194 1305 4251; x_wconf 91' lang='lat' dir='ltr'>oratos</span> <span class='ocrx_word' id='word_1_410' title='bbox 1339 4204 1409 4252; x_wconf 90' lang='lat' dir='ltr'>esse</span> <span class='ocrx_word' id='word_1_411' title='bbox 1441 4187 1548 4263; x_wconf 87' lang='lat' dir='ltr'>velim,</span> 
     </span>
    </p>
   </div>
   <div class='ocr_carea' id='block_1_3' title="bbox 201 4357 407 4368">
    <p class='ocr_par' dir='ltr' id='par_1_3' title="bbox 201 4357 407 4368">
     <span class='ocr_line' id='line_1_44' title="bbox 201 4357 407 4368; baseline 0 0"><span class='ocrx_word' id='word_1_412' title='bbox 201 4357 407 4368; x_wconf 40' lang='grc' dir='ltr'>’ᾖ</span> 
     </span>
    </p>
   </div>
   <div class='ocr_carea' id='block_1_4' title="bbox 160 4435 1547 4578">
    <p class='ocr_par' dir='ltr' id='par_1_4' title="bbox 160 4435 1547 4578">
     <span class='ocr_line' id='line_1_45' title="bbox 160 4435 1547 4508; baseline 0.004 -20"><span class='ocrx_word' id='word_1_413' title='bbox 160 4483 162 4488; x_wconf 94' lang='grc'>.</span> <span class='ocrx_word' id='word_1_414' title='bbox 305 4435 1547 4508; x_wconf 51' lang='lat' dir='ltr'>DmAmstmmmrfflssafflOEdemmdmmtmmmmm</span> 
     </span>
     <span class='ocr_line' id='line_1_46' title="bbox 197 4507 1103 4578; baseline 0.006 -21"><span class='ocrx_word' id='word_1_415' title='bbox 197 4509 348 4574; x_wconf 80' lang='lat' dir='ltr'>compares</span> <span class='ocrx_word' id='word_1_416' title='bbox 367 4523 396 4576; x_wconf 89' lang='lat' dir='ltr'>p.</span> <span class='ocrx_word' id='word_1_417' title='bbox 415 4509 458 4574; x_wconf 72' lang='lat'>843</span> <span class='ocrx_word' id='word_1_418' title='bbox 478 4508 608 4565; x_wconf 82' lang='lat' dir='ltr'>Schoem.</span> <span class='ocrx_word' id='word_1_419' title='bbox 629 4508 720 4564; x_wconf 85' lang='lat' dir='ltr'>Lehre</span> <span class='ocrx_word' id='word_1_420' title='bbox 738 4526 765 4564; x_wconf 86' lang='lat' dir='ltr'>v.</span> <span class='ocrx_word' id='word_1_421' title='bbox 784 4507 803 4560; x_wconf 91' lang='lat' dir='ltr'>d</span> <span class='ocrx_word' id='word_1_422' title='bbox 833 4509 955 4570; x_wconf 82' lang='lat' dir='ltr'>Redetb.</span> <span class='ocrx_word' id='word_1_423' title='bbox 974 4527 1002 4578; x_wconf 92' lang='lat' dir='ltr'>p.</span> <span class='ocrx_word' id='word_1_424' title='bbox 1022 4513 1056 4564; x_wconf 86' lang='lat'>29</span> <span class='ocrx_word' id='word_1_425' title='bbox 1075 4507 1103 4562; x_wconf 87' lang='lat' dir='ltr'>ff.</span> 
     </span>
    </p>
   </div>
   <div class='ocr_carea' id='block_1_5' title="bbox 202 4575 1546 4702">
    <p class='ocr_par' dir='ltr' id='par_1_5' title="bbox 202 4575 1546 4702">
     <span class='ocr_line' id='line_1_47' title="bbox 202 4575 1546 4700; baseline 0.003 -72"><span class='ocrx_word' id='word_1_426' title='bbox 202 4643 250 4698; x_wconf 39' lang='lat' dir='ltr'>P·</span> <span class='ocrx_word' id='word_1_427' title='bbox 304 4575 497 4700; x_wconf 46' lang='lat' dir='ltr'>{ldgoverbis</span> <span class='ocrx_word' id='word_1_428' title='bbox 516 4577 654 4648; x_wconf 88' lang='lat' dir='ltr'>pudendi,</span> <span class='ocrx_word' id='word_1_429' title='bbox 675 4578 844 4647; x_wconf 81' lang='lat' dir='ltr'>poenitendi</span> <span class='ocrx_word' id='word_1_430' title='bbox 864 4578 927 4633; x_wconf 85' lang='lat' dir='ltr'>sim.</span> <span class='ocrx_word' id='word_1_431' title='bbox 948 4578 1142 4648; x_wconf 83' lang='lat' dir='ltr'>personaliter</span> <span class='ocrx_word' id='word_1_432' title='bbox 1161 4578 1320 4646; x_wconf 80' lang='lat' dir='ltr'>antiquitus</span> <span class='ocrx_word' id='word_1_433' title='bbox 1340 4582 1490 4651; x_wconf 85' lang='lat' dir='ltr'>usurpatis</span> <span class='ocrx_word' id='word_1_434' title='bbox 1511 4581 1546 4636; x_wconf 81' lang='lat' dir='ltr'>ci.</span> 
     </span>
     <span class='ocr_line' id='line_1_48' title="bbox 228 4661 418 4702; baseline 0.016 -3"><span class='ocrx_word' id='word_1_435' title='bbox 228 4661 290 4702; x_wconf 84' lang='lat' dir='ltr'>riso.</span> <span class='ocrx_word' id='word_1_436' title='bbox 351 4689 356 4702; x_wconf 95' lang='lat'><em>.</em></span> <span class='ocrx_word' id='word_1_437' title='bbox 412 4689 418 4702; x_wconf 91' lang='lat'>.</span> 
     </span>
    </p>
   </div>
   <div class='ocr_carea' id='block_1_6' title="bbox 304 4713 1210 4784">
    <p class='ocr_par' dir='ltr' id='par_1_6' title="bbox 304 4713 1210 4784">
     <span class='ocr_line' id='line_1_49' title="bbox 304 4713 1210 4784; baseline -0.007 -15"><span class='ocrx_word' id='word_1_438' title='bbox 304 4718 327 4784; x_wconf 71' lang='grc' dir='ltr'>ι)</span> <span class='ocrx_word' id='word_1_439' title='bbox 347 4715 430 4769; x_wconf 86' lang='lat' dir='ltr'>Hom.</span> <span class='ocrx_word' id='word_1_440' title='bbox 451 4715 502 4776; x_wconf 85' lang='lat' dir='ltr'>od.</span> <span class='ocrx_word' id='word_1_441' title='bbox 522 4717 618 4770; x_wconf 86' lang='lat' dir='ltr'>XXlH</span> <span class='ocrx_word' id='word_1_442' title='bbox 638 4720 704 4772; x_wconf 79' lang='lat'>258:</span> <span class='ocrx_word' id='word_1_443' title='bbox 725 4718 789 4766; x_wconf 70' lang='lat' dir='ltr'>decl</span> <span class='ocrx_word' id='word_1_444' title='bbox 807 4729 836 4765; x_wconf 88' lang='grc' dir='ltr'>σε</span> <span class='ocrx_word' id='word_1_445' title='bbox 855 4715 986 4780; x_wconf 66' lang='lat' dir='ltr'>includor</span> <span class='ocrx_word' id='word_1_446' title='bbox 1003 4718 1109 4767; x_wconf 67' lang='grc' dir='ltr'><em>ἱκέσθαι</em></span> <span class='ocrx_word' id='word_1_447' title='bbox 1127 4713 1210 4765; x_wconf 73' lang='grc' dir='ltr'><em>οἶκον.</em></span> 
     </span>
    </p>
   </div>
   <div class='ocr_carea' id='block_1_7' title="bbox 0 0 1617 5144">
    <p class='ocr_par' dir='ltr' id='par_1_7' title="bbox 0 0 1617 5144">
     <span class='ocr_line' id='line_1_50' title="bbox 0 0 1617 5144; baseline 0 0"><span class='ocrx_word' id='word_1_448' title='bbox 0 0 1617 5144; x_wconf 95' lang='lat' dir='ltr'> </span> 
     </span>
    </p>
   </div>
  </div>
 </body>
</html>
